3066 5102
751 391 899 480 L

275 562 318 628 εἰς
341 561 393 642 τὴν
416 562 501 643 ἁγίαν
517 563 626 646 σοφίαν
641 561 856 646 (ἰαιτιιοἋγίαν
871 562 1002 650 Σοφίαν)
1017 568 1054 632 νά
1075 573 1297 658 σαλαβατίσυυν
1310 575 1385 638 κατὰ

274 669 307 730 τὸ
332 666 431 730 αὐτῶν
453 665 539 737 ἔθος·
561 670 611 732 καὶ
635 668 776 739 ἐλθόντες
796 672 839 738 εἰς
859 672 897 734 τὰ
917 673 1071 758 προαύλιά
1092 683 1146 742 τοῦ
1160 685 1235 743 ναοῦ
1249 680 1384 764 ἤκουσαν

276 777 465 860 ψαλμιμδίαν,
486 778 537 838 καὶ
551 776 632 839 εἶδον
649 780 699 840 καὶ
714 782 780 862 φῶς
792 779 870 862 μέγα
884 781 915 843 ἐν
936 787 980 866 τῷ
1002 789 1077 868 ναῷ,
1100 786 1150 848 καὶ
1164 789 1385 867 πλησιάσαντες
1458 839 1461 844 ,

276 882 365 966 εὖρον
388 884 441 950 τότ
460 884 558 952 πύλας
581 886 775 970 ἀνεῳγμένας
798 889 849 951 καὶ
869 889 974 972 φωνὰς
997 892 1177 975 ψαλμιμδίας
1198 894 1231 954 τὸ
1252 891 1385 974 Χριστὸς

277 989 399 1073 ἀνέστη,
422 993 472 1055 καὶ
492 993 627 1061 ἀκούσας
641 995 711 1075 (leg.
723 994 920 1076 ἀκούσαντες)
938 998 1114 1066 σπουδαίως
1128 997 1236 1062 ἔδοσαν
1248 1001 1381 1080 γνωστὸν

276 1103 330 1161 τοῦ
353 1099 483 1182 ἀφεντός
503 1102 576 1184 (leg.
597 1100 716 1164 ἔδυσαν
732 1105 867 1183 γνωστὸν
880 1108 933 1166 τοῦ
948 1103 1077 1187 ἀφέντος
1093 1117 1126 1164 ut
1137 1127 1227 1184 supra
1238 1107 1384 1190 exposui),

278 1207 359 1276 ὅστις
379 1209 458 1292 ἦλθε
478 1213 659 1292 σωματικῶς
678 1209 728 1271 καὶ
748 1207 862 1272 ἄκουσε
884 1213 935 1275 καὶ
958 1211 1037 1274 εἶδεν
1062 1212 1094 1274 ἐν
1119 1212 1309 1297 ὀφθαλμοῖς,
1338 1238 1384 1276 κε-

277 1317 388 1386 λεόσας
407 1317 456 1380 ἵνα
476 1317 608 1402 ἀναβοόν
631 1317 674 1384 εἰς
694 1315 740 1378 τὰ.
754 1318 967 1403 ἀνηχοόμενα,
1001 1319 1038 1382 νά
1058 1321 1246 1383 σκοπεόσουν
1269 1320 1387 1404 μήποτέ

277 1425 356 1488 ἐστιν
379 1425 410 1494 ἐξ
434 1425 605 1509 ἀνθρώπων
629 1425 647 1508 ἦ
670 1428 795 1485 τοιαῦτα
815 1425 933 1508 ἐνέργα.
971 1433 1122 1490 Postrema
1142 1432 1388 1508 quaedepravata

248 1531 341 1595 ’esse
361 1537 481 1612 planum
502 1545 561 1608 est,
587 1536 629 1594 sie
656 1541 809 1592 vertuntur
830 1553 849 1592 a
870 1536 1032 1597 Bullialdo:
1057 1541 1153 1614 „qued
1175 1541 1212 1597 ad
1231 1539 1386 1600 Sultanum

276 1653 408 1710 accurate
429 1645 605 1716 retulerunt,
631 1643 751 1720 ipseque
773 1643 923 1720 ingressus
941 1647 1054 1705 audivit
1074 1657 1103 1706 ct
1120 1648 1193 1706 vidit
1212 1649 1304 1706 oculis
1325 1647 1387 1706 suis

271 1753 432 1830 jussitque,
452 1760 485 1810 ut
503 1753 685 1813 attenderent
704 1752 742 1810 ad
760 1764 929 1813 resonantes
950 1756 1022 1815 istos
1044 1765 1146 1815 cantus
1164 1760 1388 1832 perpenderent·

276 1881 333 1939 que
354 1881 392 1919 an
413 1862 449 1918 ab
469 1862 597 1919 humana
616 1879 686 1918 voce
703 1860 886 1918 ederentur.'’
931 1864 990 1920 Hic
1016 1881 1134 1920 sensum
1154 1866 1300 1938 percepit,
1328 1882 1386 1922 non

275 1971 341 2045 ipsa
358 1970 457 2027 verba.
509 1965 700 2025 Scribendum
721 1965 815 2024 enim:
838 1964 986 2033 κελεύσας
1004 1965 1052 2028 ἵνα
1076 1967 1209 2052 ἀναβαόν
1230 1969 1249 2027 i.
1267 1989 1292 2028 e.
1316 1969 1385 2030 ἀνα-

279 2075 370 2158 βῶσιν
389 2073 431 2138 εἰς
451 2071 488 2132 τά
513 2069 741 2154 ἀντηχοόμενα,
776 2071 813 2133 νά
834 2071 1023 2135 σκοπεόσουν
1048 2053 1165 2157 μήποτέ
1187 2075 1265 2137 ἐστιν
1286 2075 1317 2144 ἐξ
1338 2077 1385 2138 ἀν-

277 2181 410 2264 θμιίιπων
434 2180 453 2261 η
474 2177 597 2260 τοιαύτη
618 2175 756 2260 ἐνέργεια
778 2182 960 2259 ,,ίιυμοτονίο,
983 2192 1016 2241 ut
1030 2187 1218 2245 ascenderent
1232 2188 1270 2245 ad
1285 2195 1385 2246 cantus

274 2293 347 2350 istos
360 2298 529 2350 resonantes
545 2289 648 2361 visuri,
667 2308 738 2348 num
758 2291 832 2348 forte
852 2291 919 2347 talis
938 2290 1011 2347 actio
1029 2293 1158 2353 humana
1169 2298 1272 2355 esset.’'
1291 2297 1386 2354 Nemo

277 2410 373 2459 autern
396 2398 548 2462 mirabitur
567 2396 598 2452 in
625 2395 825 2470 superstitiosa
850 2403 936 2471 gente
964 2399 1023 2456 tale
1050 2401 1120 2476 quid
1146 2404 1301 2475 accidisse;
1329 2422 1387 2478 qua

278 2511 314 2569 de
334 2507 465 2574 re‚iufra
485 2505 535 2563 lib.
556 2502 589 2560 II
617 2504 715 2576 canu
746 2503 909 2562 accuratius
937 2505 1158 2583 disputabimus.
1208 2509 1292 2581 Quod
1318 2510 1385 2567 reli·

278 2637 367 2694 quum
393 2624 453 2687 est,
479 2614 576 2690 ipsum
603 2613 744 2688 hymnum
771 2613 822 2688 qui
843 2621 887 2670 est
907 2633 924 2670 e
942 2629 1050 2690 genere
1075 2619 1134 2674 τῶν
1156 2615 1384 2698 μεγαλυναρίιυν

256 2727 327 2806 ’(υί.
343 2727 477 2797 Dueang.
497 2742 525 2796 p.
539 2719 616 2797 895)
642 2716 791 2800 subjiciam
818 2741 855 2780 ex
876 2721 1059 2797 Hirmologio
1079 2716 1299 2803 (Εἱρμολογίιμ)
1326 2726 1385 2782 Ve-

223 2877 226 2884 -
277 2834 362 2894 netiis
380 2849 457 2910 anne
480 2831 558 2888 1082
582 2831 668 2902 edito,
691 2849 782 2905 quum
801 2848 885 2888 rarus
907 2829 945 2886 sit
963 2829 1051 2887 liber:

630 3013 689 3125 Είς
711 3049 749 3118 τό
776 3049 869 3143 ἅγιον
897 3045 1033 3142 Πάσχα.

326 3253 504 3337 Μεγάλυνον
526 3251 609 3336 ψυχή
635 3272 693 3333 μου
848 3246 978 3332 Χριστὸς
997 3250 1030 3312 τὸ
1050 3249 1151 3310 καινόν
1173 3249 1289 3331 πάσχα,
1358 3250 1388 3301 ¹⁰

324 3366 375 3427 τόν
397 3357 600 3430 ἐξαναστάντα
849 3358 882 3422 τὸ
906 3355 1061 3426 ζωόθυτον
1084 3356 1181 3440 θῦμαςι

325 3470 485 3554 τμιίγμεμον
510 3467 544 3527 ἐκ
565 3466 664 3548 τάφου
850 3465 945 3547 ἀμνὸς
967 3465 1043 3528 θεοῦ
1067 3466 1082 3526 ὁ
1110 3463 1203 3548 αίριιιν

326 3576 456 3662 Χριστὸν
478 3575 528 3637 τὸν
554 3570 720 3653 ζωοδότην.
808 3583 822 3602 ⁶
849 3572 900 3654 τὴν
922 3572 1070 3654 ἁμαρτίαν
1093 3572 1221 3655 κόσμου.

294 3792 507 3875 όΜεγάλυνον
529 3789 612 3874 ψυχή
634 3811 691 3872 μου
845 3783 884 3849 Ὃ
909 3783 1035 3867 ἅγγελος
1055 3786 1132 3871 ἐβόα

327 3903 378 3964 τὸν
401 3895 589 3964 ἐθελουσίως
850 3901 889 3980 τῇ
907 3898 1154 3980 κεχαριτωμένη·
1356 3896 1387 3947 15

327 4006 466 4070 παθόντα
484 4007 535 4068 καὶ
557 4004 692 4089 ταφέντα
849 4004 923 4087 ἁγνὴ
945 4002 1078 4086 παρθένε
1099 4007 1189 4086 χαῖρε

246 4141 254 4158 ¹
327 4117 377 4178 καὶ
401 4114 603 4182 ἐξαναστάντα
850 4115 900 4176 καὶ
922 4114 1011 4175 πάλιν
1033 4113 1093 4198 ἐρῶ
1114 4115 1216 4196 χαῖρε,

326 4225 486 4307 τριήμερον
508 4222 541 4284 ἐκ
563 4225 672 4306 τάφου.
752 4239 758 4258 “
852 4222 1025 4291 όσὸςυὶθς
1045 4218 1154 4302 ἀνέστη
1200 4281 1203 4287 ,

776 4340 779 4346 “
851 4331 1013 4412 τριημερυς
1034 4329 1067 4390 ἐκ
1088 4331 1197 4414 τάφου.
