3066 5102
630 335 779 427 L

155 509 372 596 ἐπιδεχόμενον
389 511 425 573 δὲ
446 508 543 591 τομὴν.
557 507 765 594 δφδῃμιμερῆ,
786 503 923 571 τουτέστι
945 507 1021 590 μετὰ
1039 506 1094 576 τοῖα
1112 508 1192 592 τρεῖς
1207 505 1261 568 τοῦ

154 617 298 702 δευτέρου
322 617 423 684 ποδδτ
436 613 656 699 περαινομένην
678 615 731 697 τ’ῃν
753 614 848 696 τομὴν
871 613 914 682 εἰς
935 613 1027 698 μέρος
1049 613 1158 696 λόγου·
1186 611 1262 689 οῖον,

281 725 391 808 ἀρετῆς
412 720 485 806 ἔργα
508 720 611 804 φέρειν
635 719 767 804 ἔμποκοτ
792 723 863 804 ἥβῃ.

156 831 218 894 ἔστι
240 831 274 896 δὲ
294 831 344 894 ὅτε
362 830 412 892 καὶ
436 829 495 891 εἰπδ
518 828 691 911 χοριάμβου
720 827 846 912 ἄρχεται
867 829 883 890 ὁ
905 833 1042 895 τοιοῦτος
1064 827 1173 910 στίχος,
1197 824 1263 888 εἶτα

156 935 222 1021 ἔχει
241 939 291 1000 τδν
322 935 453 1002 Ἰοινικδν
483 934 536 996 ἀπ’
562 933 739 1010 ἐλάσσονος,
768 933 818 1000 διὰ
840 935 874 998 τδ
898 934 1067 1018 ἀδιάφορον
1089 937 1142 1015 τῆς
1162 934 1262 996 τελευ-

154 1043 249 1119 ταίας,
271 1042 354 1105 καθὰ
375 1045 419 1126 τῃῖ
438 1040 513 1124 ἁγίῳ
535 1025 705 1124 Σωφρονίῳ
733 1041 784 1102 καὶ
808 1040 913 1109 ἄλλοις
934 1037 1145 1123 ἀρχαιοτέροις
1161 1039 1263 1106 δοκεῖ·

155 1149 230 1227 οἷον,

278 1253 467 1339 Χριστιανῶν
492 1255 636 1338 μακάρων
662 1251 769 1318 ἔλθετε
788 1255 905 1321 παῖδες.

154 1361 204 1422 καὶ
226 1359 307 1422 οὕτω
329 1361 383 1444 μὲν
405 1359 439 1422 ἐκ
462 1364 552 1444 τριῶν
576 1361 843 1444 τετρααυλλάβων,
869 1359 896 1421 εἰ
920 1360 954 1422 δὲ
984 1357 1088 1442 βούλει
1110 1357 1148 1428 ἐκΙ
1167 1357 1265 1418 διευλ-

154 1467 268 1551 λάβιον,
301 1466 332 1528 ἐν
360 1469 413 1550 μὲν
440 1472 480 1550 τῇ
499 1469 604 1550 πρῶτῃ
634 1468 724 1550 χώρῃ
751 1467 906 1550 τροχαίου,
937 1463 967 1525 ἐν
994 1463 1030 1525 δὲ
1058 1468 1097 1546 τῇ
1126 1461 1264 1546 δευτέρᾳ,

157 1573 280 1655 ἰάμβου,
300 1573 330 1634 ἐν
352 1575 387 1636 δὲ
405 1579 445 1656 τῇ
465 1574 561 1656 τρίτῃ,
581 1572 753 1656 πυββιχίου,
769 1571 799 1634 ἐν
820 1572 854 1633 δὲ
874 1574 913 1654 τῇ
934 1571 1073 1652 τετάρτῃ,
1094 1568 1266 1648 σπονδείου,

157 1676 187 1738 ἐν
219 1678 253 1739 δὲ
281 1701 318 1762 τῃ
348 1679 471 1760 πέμπτῃ
492 1681 581 1740 πάλιν
603 1678 776 1762 πυββιχίου,
805 1677 835 1738 ἐν
860 1679 894 1740 δὲ
916 1683 954 1760 τῃ
973 1676 1055 1758 ἕκτῃ,
1077 1673 1264 1758 τροχαίουῆ

157 1785 317 1845 σπονδείου
342 1783 391 1845 διὰ
413 1784 465 1866 τὴν
487 1784 667 1866 ἀδιάφορον.
702 1785 758 1844 His
780 1795 972 1846 consentanee
991 1785 1077 1844 hebet
1094 1783 1267 1859 Ducengius

157 1911 181 1951 s.
201 1912 230 1950 v.
253 1888 432 1950 κουκούλιον
456 1911 472 1950 e
494 1891 683 1966 scriptoribus
702 1911 791 1952 manu
813 1892 950 1967 exemtis,
971 1907 1048 1968 queo
1066 1897 1096 1948 et
1111 1889 1270 1965 Metrenge

154 2000 268 2059 Anam.
290 1997 392 2058 Greec
413 1999 518 2058 v01.1
538 1998 634 2058 Preef.
655 2000 692 2058 31
720 1999 826 2058 aeditis
847 2018 864 2057 e
886 1997 994 2058 Codice
1014 1997 1158 2057 Vaticano
1175 1995 1268 2056 veniis

155 2105 325 2165 lectionibus
349 2105 441 2164 effert.
494 2104 635 2164 Similiter
657 2104 873 2166 Grammaticus
899 2105 1059 2182 Bemensis
1089 2103 1168 2181 apud
1191 2103 1268 2165 Her·

155 2232 297 2271 mannum
323 2211 418 2270 Elem.
440 2211 530 2269 doctr.
553 2219 636 2269 metr.
659 2231 689 2287 p.
712 2214 773 2272 488
801 2212 835 2271 τδ
854 2208 1101 2293 Ἀνακρείντειοκ
1126 2205 1190 2270 ἔστι
1212 2208 1267 2290 μὲν
1383 2259 1386 2264 ,
1418 2299 1420 2306 Ι

158 2316 314 2398 δίμετρον·
359 2313 533 2398 ἐπιδέχεται
563 2314 597 2376 δὲ
624 2314 656 2376 ἐν
686 2319 750 2381 τοῖς
771 2313 865 2381 οἴκοις
885 2315 978 2377 αὐτοῦ
1002 2313 1197 2390 ἀνάπαιστον,
1217 2314 1269 2377 καὶ

159 2421 213 2483 δίνο
245 2421 373 2504 ἰάμβους
401 2422 450 2482 καὶ
480 2420 548 2502 μίαν
577 2420 716 2504 περιττὴν
746 2421 919 2504 συλλαβήν·
948 2421 978 2482 οἱ
1004 2418 1031 2481 δ’
1049 2421 1099 2500 ,ῶς
1120 2416 1269 2503 τριμέτρῳ

156 2528 345 2611 χρησάμενοι
376 2527 406 2589 ἐν
437 2527 490 2608 μὲν
515 2531 554 2610 τῃ
584 2530 690 2611 πρώτῃ
713 2526 832 2590 τιθέασι
853 2531 1013 2611 τροχαῖον·
1035 2525 1066 2588 ἐν
1087 2525 1120 2588 δὲ
1142 2531 1181 2608 τῃ
1203 2527 1267 2592 δευ·

156 2633 229 2716 τέρα
248 2632 376 2718 ίαμβοψ
407 2634 438 2696 ἐν
467 2634 501 2696 δὲ
527 2657 564 2718 τῃ
587 2635 670 2717 τρίτῃ
694 2635 745 2696 καὶ
766 2639 806 2716 τῇ
827 2633 949 2717 πέμπτῃ
970 2631 1145 2716 πυββίχιον·
1175 2632 1206 2694 ἐν
1233 2633 1268 2696 δὲ

157 2745 196 2824 τῃ
217 2743 342 2825 τετάρτῃ
368 2741 538 2804 σπονδεῖον.
582 2741 613 2803 ἐν
642 2742 677 2804 δὲ
698 2748 738 2826 τῃ
761 2742 832 2825 ἕκτῃ
857 2739 1047 2825 ἀδιαφόρως.

282 2849 429 2932 Δίμετρον
452 2847 483 2910 ἐν
506 2853 545 2931 τῇ
567 2849 652 2933 ἀρχῇ
673 2852 815 2934 συλλαβῇ
837 2853 1028 2933 περιττεῦον

357 2955 411 3018 καί
426 2953 486 3017 πού
510 2977 537 3017 τι
557 2957 607 3018 καὶ
630 2958 746 3040 βροτῶν
768 2959 864 3042 ιράτιτ.

285 3060 430 3143 Δίμετρον
454 3061 688 3144 καταληκτικόν·

358 3168 395 3228 τά
414 3189 446 3229 τε
470 3167 594 3251 βάθρων
616 3172 743 3234 πολίων.

284 3273 431 3357 Δίμετρον
456 3275 596 3359 συλλαβῇ
615 3263 788 3360 περιττεῦον
812 3278 842 3338 ἐν
871 3281 915 3361 τῷ
936 3275 1033 3340 τέλει·

359 3381 374 3443 ὃ
396 3379 465 3448 νόος
487 3379 574 3446 θέλει
592 3383 754 3466 γεραίρειν.

286 3484 391 3567 ὅμοιον

360 3593 375 3656 δ
399 3595 470 3663 νόος
490 3595 576 3658 θέλει
598 3595 774 3680 καθυμνεῖν.

243 3697 310 3770 Qus
327 3701 364 3759 de
380 3724 412 3762 re
426 3707 632 3768 Hermennust
655 3705 733 3781 „sed
755 3707 936 3783 explicando,
959 3708 1062 3786 inquit,
1081 3709 1181 3785 paucis
1198 3710 1271 3770 haec

159 3803 290 3864 doctrine
310 3813 362 3864 est.
397 3808 512 3870 Etenim
536 3810 638 3878 οἴκους
656 3815 829 3874 recentiores
852 3815 900 3874 isti
921 3818 1054 3893 strophas
1075 3815 1270 3891 appellebant,

158 3919 192 3969 nt
217 3911 382 3974 Fresneeus
408 3917 438 3974 in
469 3915 636 4004 Glossario·
649 3920 762 3994 docuit,
791 3922 891 3981 eodem
918 3925 1003 3984 modo
1033 3941 1091 4000 quo
1119 3924 1156 3980 eb
1186 3923 1270 3982 Italis

159 4024 264 4078 stante
292 4021 436 4081 dicuntur.
487 4025 566 4084 Hinc
596 4038 728 4105 apertum
757 4037 819 4103 est,
849 4026 951 4096 οίκους
970 4032 1036 4091 illos
1062 4030 1270 4090 senensibus

161 4123 370 4190 Ansmeonteis
392 4132 555 4194 constitisse
577 4135 670 4211 iisqne
688 4137 792 4197 deinde
812 4138 926 4198 additos
944 4157 1008 4198 esse
1030 4138 1103 4196 dnos
1125 4137 1270 4200 trimetros

162 4227 285 4302 Ionicos,
305 4235 355 4306 qui
374 4238 519 4300 interdum
537 4259 556 4299 a
578 4238 755 4302 choriambo
771 4245 949 4322 incipiebant
968 4264 1076 4322 eosque
1095 4244 1200 4304 mcclii
1221 4263 1272 4304 no-

1007 4353 1025 4412 2
