3066 5102
611 388 761 502 „a-

132 606 296 657 constantes
322 604 469 670 unamque
489 611 564 669 quaa
588 594 716 670 quinque
736 607 839 650 versus
862 590 1059 670 complectitur
1079 591 1238 669 subjungit.

131 707 190 764 Leo
212 703 337 780 Sapiens
360 700 490 785 ᾠδάριαν
512 699 725 761 κατανακτικὸν
751 699 829 774 apud
850 697 1036 773 Matrangam
1055 716 1083 772 p.
1104 699 1166 758 683
1180 717 1238 774 seq.

131 812 172 869 ita
192 809 359 886 composuit,
380 818 522 867 utonem
544 814 573 864 et
595 806 716 881 triginta
738 806 873 880 strophas
893 805 1053 863 litterarum
1076 807 1176 864 ordine
1195 807 1239 866 in·

133 917 240 993 signes,
261 911 380 992 excepta
397 916 501 974 ultima
521 931 595 988 quaa
616 921 680 972 octo
700 912 827 971 continet
845 930 958 984 versus,
975 913 1090 971 omissis
1109 914 1240 972 cuculliis

132 1026 246 1084 esenis
268 1022 420 1082 versiculis
441 1022 583 1080 conderet.
630 1022 675 1079 At
696 1019 905 1079 Constantinus
926 1017 1042 1077 Siculus
1062 1020 1093 1076 in
1115 1021 1240 1079 carmine

133 1132 238 1190 erotica
256 1131 333 1206 apud
349 1129 536 1204 blatrangam
553 1148 584 1205 p
607 1128 667 1188 693
680 1145 742 1202 seq.
764 1127 898 1204 stropha
918 1127 1003 1186 modo
1023 1113 1133 1185 oomnis
1155 1128 1240 1186 modo

132 1237 272 1296 duodenis
299 1238 432 1296 versibus
461 1244 626 1296 constantes
654 1236 786 1294 cuculliis
812 1235 954 1293 distinxit.
1000 1235 1133 1292 Fuerunt
1153 1234 1241 1293 etiam

131 1345 228 1403 media
255 1353 348 1404 aetate
377 1344 428 1422 qui
454 1353 587 1402 veterum
615 1361 696 1402 mora
722 1342 752 1399 in
780 1341 938 1400 scribendis
964 1340 1139 1398 carminibus
1157 1341 1240 1400 Ana·

132 1450 282 1510 creonticis
304 1471 398 1528 neque
419 1451 551 1510 mealliis
570 1459 721 1509 uterentur
747 1467 841 1528 nsque
860 1447 953 1506 ullam
972 1448 1134 1508 litterarum
1154 1450 1241 1509 ratio·

130 1577 198 1616 nem
209 1559 359 1631 haberent,
369 1568 403 1617 ut
414 1556 815 1632 ArseninsArcbiepisoopns
835 1555 865 1612 in
885 1555 942 1614 oda
962 1551 1006 1618 εἰς
1025 1553 1079 1636 τὴν
1098 1554 1240 1637 λαμπρὰν

133 1661 278 1743 κυριακὴν
296 1663 404 1739 poro.
433 1665 568 1739 Denique
584 1663 717 1722 nonnulli
730 1663 864 1737 neglecta
886 1662 1063 1739 syllabarum
1081 1663 1242 1738 quantitate

134 1772 211 1830 solos
232 1789 336 1828 vocum
359 1778 493 1828 accentus
520 1770 551 1826 in
579 1769 741 1845 pangendis
766 1769 941 1826 carminibus
960 1770 1171 1827 Anacreonteis
1197 1789 1242 1828 sa·

133 1878 193 1935 cuti
221 1885 298 1948 sunt,
326 1885 358 1934 ut
389 1875 616 1951 Christopboros
645 1876 802 1934 asseratis
825 1872 1243 1950 praememoratae,

131 1985 253 2043 Manuel
277 1983 472 2058 Palaeologns
496 1983 659 2058 Imperator
680 2002 708 2059 p.
726 1983 800 2043 682.
846 1980 905 2040 Sed
924 1983 997 2040 baec
1014 1982 1163 2039 hactenus.
1205 1983 1243 2040 In

134 2089 289 2166 Sophronii
306 2089 443 2162 carmine,
465 2091 543 2163 quod
559 2108 627 2148 raro
646 2089 677 2146 in
704 2089 869 2165 hujusmodi
891 2083 984 2151 οἴκοις
1000 2086 1112 2158 accidit,
1132 2087 1243 2162 ingeni·

132 2205 181 2256 tur
208 2197 341 2256 Dimeter
367 2194 550 2253 catalecticos
578 2231 600 2257 υ
614 2233 636 2258 υ
649 2191 671 2251 L
686 2191 708 2251 '-
730 2197 735 2272 Ι
757 2231 780 2258 υ
792 2191 850 2259 ,Α
880 2212 925 2251 vs.
952 2195 990 2252 10
1018 2194 1121 2253 similis
1144 2197 1244 2254 versni

15 2347 19 2358 .
133 2302 184 2380 qui
204 2304 310 2361 citatur
332 2320 351 2360 a
373 2300 570 2363 Grammatico
593 2297 736 2356 Bemensi
760 2299 838 2373 apud
856 2299 1059 2357 Hermannnm
1074 2319 1104 2374 p.
1124 2301 1185 2360 489
1207 2302 1245 2361 τά

133 2427 167 2467 τε
191 2405 313 2490 βάθρων
335 2404 462 2466 πολίων.
499 2405 654 2466 Caeterum
679 2405 731 2464 vix
754 2408 895 2480 estquod
913 2425 1046 2465 moneam
1068 2403 1144 2466 θεοῦ
1166 2409 1245 2485 syni-

133 2514 193 2573 nesi
222 2514 454 2590 monosyllabum
486 2515 548 2574 fieri
581 2514 659 2590 apud
695 2512 892 2590 sophronium
926 2534 971 2572 vs.
997 2515 1044 2572 10.
1096 2513 1244 2576 Orationis

133 2639 239 2698 genere
259 2639 331 2678 usus
352 2629 397 2680 est
417 2627 512 2696 polita,
533 2622 611 2699 quod
625 2622 752 2679 medium
774 2621 813 2680 sit
832 2622 908 2680 inter
924 2629 1055 2680 veterum
1070 2621 1244 2698 elegantiam

134 2735 163 2784 et
183 2726 372 2787 recentiorum
398 2729 571 2788 barbariem.
618 2729 697 2787 Nam
727 2729 753 2787 si
774 2748 793 2787 a
817 2729 918 2805 penas
937 2728 1050 2786 mendis
1068 2728 1244 2807 discesseris,

133 2833 283 2894 tolerabile
316 2853 431 2893 carmen
465 2834 587 2912 septimo
620 2838 735 2896 saeculo
770 2836 909 2913 scripturn
944 2834 1038 2893 videri
1069 2847 1173 2913 potest.
1203 2873 1243 2886 -

134 2942 173 3000 V.
193 2943 233 3000 28
263 2941 305 3005 ὡς
333 2940 525 3020 Infinitivo“)
558 2943 648 3001 lutnri
670 2943 805 3018 junctum
834 2942 1005 3000 mendosum
1027 2951 1080 3015 est,
1109 2947 1179 3020 quia
1197 2950 1245 3008 vel

135 3045 318 3123 participium
348 3048 496 3122 flagitatur
522 3050 571 3108 vel
596 3069 613 3106 c
639 3050 786 3126 scriptoris
810 3049 947 3125 loquendi
972 3067 1028 3106 usu
1049 3049 1099 3127 (cf.
1122 3071 1166 3112 vs.
1188 3053 1244 3137 58)

136 3151 292 3229 Optativus
324 3153 432 3212 coristi.
488 3157 599 3213 Verum
632 3165 813 3232 posterorum
842 3157 957 3215 inscitia
992 3157 1039 3214 vel
1055 3161 1246 3238 negligentia

136 3245 276 3334 quasdam
302 3260 443 3318 bonorum
469 3270 617 3320 auctorum
644 3264 782 3338 loquendi
802 3263 951 3334 formulas,
972 3271 1005 3320 ut
1027 3264 1245 3344 Thucydideam

135 3365 217 3424 illam
242 3361 306 3445 (lib.
324 3366 382 3438 1v,
403 3366 458 3442 36)
493 3367 536 3432 ὡς
564 3367 668 3448 μικρὸν
699 3367 824 3450 μεγάλῳ
854 3365 975 3427 εἰκάσαι
1003 3369 1116 3431 imitata
1149 3378 1244 3438 medio

136 3491 208 3531 aevo
224 3480 331 3530 temere
350 3469 418 3529 huic
433 3472 555 3550 aliisque
572 3475 721 3552 particulis
733 3476 915 3535 Infinitivum
937 3474 1078 3550 adjunxit.
1109 3481 1245 3563 Excerpt.

136 3599 153 3637 e
172 3578 328 3639 Menandri
346 3577 413 3636 hist.
431 3598 460 3654 p.
477 3581 549 3654 391,
571 3583 610 3642 22
643 3579 714 3648 τοὺς
739 3579 889 3664 ἄρχοντας
907 3615 988 3628 —·-
1007 3583 1244 3666 βουλεύσασθαι,

139 3682 223 3748 ὅπως
252 3684 289 3764 δὴ
320 3682 357 3742 τὰ
389 3683 469 3745 ὅπλα
489 3686 680 3749 καταθέσθαι
703 3684 827 3754 τελέως.
869 3690 956 3750 Adde
975 3692 1125 3752 modorum
1147 3697 1246 3754 aoristi

138 3800 166 3848 et
182 3791 273 3848 futuri
294 3793 543 3867 permutationem,
565 3785 647 3872 cujus
668 3799 760 3856 multa
781 3803 897 3856 exstant
922 3800 1058 3874 exempla
1078 3802 1156 3877 apud
1177 3805 1247 3862 scri·

137 3906 234 3974 ptores
253 3897 441 3976 Byzantinos.
476 3899 522 3960 Gt
544 3901 679 3962 Malcbus
701 3923 729 3980 p.
743 3904 861 3978 260‚20
884 3913 937 3963 etc.
979 3905 1019 3964 V.
1037 3907 1078 3965 30
1102 3916 1247 3971 structura

138 4000 232 4085 νόμος
254 4000 339 4066 ἔσκεν
360 4037 444 4052 -—·
466 4004 512 4067 ὅτι
533 4006 689 4068 καλείσθω
710 4029 769 4070 non
787 4021 832 4070 est
852 4029 964 4088 graeca.
1004 4012 1083 4071 Nam
1103 4016 1187 4074 aliter
1205 4018 1248 4076 lo·

140 4119 268 4186 quantur
287 4123 399 4175 veteres
417 4124 446 4175 et
465 4116 637 4175 recentiores
654 4118 816 4195 scriptores.
851 4118 1004 4194 Antiphon
1022 4121 1058 4179 de
1079 4123 1157 4180 eaed.
1176 4123 1248 4182 Her.

209 4317 237 4383 *)
256 4318 297 4370 Da
311 4319 366 4370 solo
382 4319 513 4378 loumttro
531 4324 564 4378 cf.
582 4325 699 4388 Madvig.
717 4323 793 4390 Synt.
810 4340 836 4389 p.
855 4322 913 4376 193.
