3066 5102
841 380 882 442 69

791 451 940 474 *4

311 559 427 627 κρεῖττον
446 553 511 627 ἥπερ
528 559 576 608 τοῦ
597 555 644 629 ζῇν
663 572 724 623 ρος.
743 555 786 608 59.

310 637 510 710 ww·

311 715 411 791 Κρῆται
428 735 476 783 pro
493 714 594 789 Κρῆτες
613 733 674 783 ρος.
690 715 733 768 48.

310 797 532 870 κρυσταλλόχροιο
547 813 608 864 ρος.
627 797 669 849 49.

310 877 446 932 Κοκλάῦοι
465 895 513 944 pro
531 874 668 935 Κυιλάδες
686 892 747 943 ρος.
764 874 806 928 48.

310 961 399 1013 οώνεοι
416 978 478 1027 ρος.
494 959 536 1015 48.

542 1099 590 1174 Μ

310 1240 499 1313 μαγοριομένος
516 1256 576 1306 ρος.
595 1239 638 1292 49.

310 1324 380 1393 μάρη
400 1337 493 1374 manus
512 1338 572 1388 pag.
591 1320 615 1373 8,

310 1402 700 1474 WWWQQ

310 1483 375 1551 μετὰ
400 1486 528 1548 quomodo
554 1493 722 1534 construatur
739 1486 767 1533 in
786 1499 826 1535 re-

342 1565 457 1614 centiore
477 1579 593 1615 sermone
609 1579 670 1629 ρος.
688 1563 738 1616 46..

309 1645 819 1719 Μωψωη,

307 1722 510 1791 Μοοοοολμάνοι
527 1740 588 1791 ρος.
607 1723 631 1778 8.

542 1867 586 1942 Ν

307 2026 321 2056 ν
340 2007 445 2072 quando
464 2010 601 2058 omittatur
622 2009 650 2058 in
664 2007 715 2058 fine
732 2023 825 2060 vocum
930 2073 933 2078 ¹

339 2103 400 2152 ρος.
416 2084 458 2138 50.

307 2185 320 2217 ν
336 2167 447 2217 barbare
465 2168 595 2231 adjectum
611 2183 672 2233 ρος.
686 2165 721 2219 59
738 2176 765 2219 et
781 2169 823 2224 57.

306 2247 339 2298 νὰ
358 2264 407 2314 pro
425 2245 455 2298 ἂν
474 2246 604 2316 δυνητικῶ
623 2265 683 2315 ρος.
702 2247 745 2302 33.

305 2329 338 2380 νὰ
357 2335 408 2381 πᾶν
428 2345 476 2394 pro
492 2328 526 2380 νὰ
545 2327 666 2398 ὕπάγωοί
681 2346 742 2396 ρος.
761 2329 802 2382 97.

305 2410 373 2466 νέοις
390 2426 438 2475 pro
457 2410 531 2460 ναυσὶ
551 2425 611 2475 ρος.
631 2407 673 2460 48.

305 2493 365 2560 νῆοιι
382 2505 443 2555 ρος.
460 2487 503 2541 48.

305 2569 385 2638 νόμος
410 2570 484 2622 ἔσκεν
519 2564 557 2620 ὅτι
583 2585 642 2621 cum
668 2570 824 2634 imperativo

337 2666 399 2716 pag.
416 2650 458 2701 95.

544 2787 583 2865 0

305 2935 376 2992 οἶκος
396 2935 424 2984 in
444 2947 473 2982 re
490 2930 599 2982 metrica
616 2943 677 2992 ρος.
696 2927 737 2980 93.

304 3014 418 3068 ὁσπείτιοι
435 3029 497 3079 ρος.
517 3010 543 3061 7.

304 3095 388 3153 οὕτως
406 3111 454 3160 pro
474 3091 527 3144 ὧδέ
546 3106 607 3157 ρος.
628 3087 669 3162 53.

533 3249 578 3324 st

301 3391 365 3446 πάλι
380 3407 443 3458 ρος.
462 3389 505 3443 55.

301 3469 417 3546 παροἑνο
435 3487 483 3537 pro
500 3464 628 3539 παρθένος
644 3483 704 3535 ρος.
726 3469 768 3524 48.

301 3561 372 3608 πᾶοο
389 3553 501 3604 barbare
516 3565 565 3616 pro
580 3554 631 3600 πᾶν
648 3565 709 3614 ρος.
729 3548 755 3603 4.

300 3633 425 3706 ποτρίδαν
444 3647 505 3697 ρος.
523 3629 566 3682 59.

299 3714 493 3784 πεοκοντάρουν
512 3725 564 3762 vox
584 3717 709 3775 corrupta
735 3725 761 3776 p.
779 3711 819 3764 15.

300 3794 401 3867 πλήρης
420 3796 478 3844 loco
499 3790 641 3858 agenantivi
660 3802 721 3856 ρος.
740 3790 782 3841 47.

299 3882 389 3929 ποῖοεν
409 3889 471 3940 ρος.
486 3871 529 3926 49.

300 3954 433 4023 πολεμίζω
461 3961 488 4005 et
509 3950 617 4020 πολεμῶ
642 3965 720 4016 quem
743 3967 819 4004 unum

332 4038 454 4088 habeant'
481 4034 552 4098 apud
576 4031 819 4102 'chronographum

903 560 1303 759 QWAEwR

1138 832 1177 903 Σ

905 957 1004 1010 οονίδοι
1022 974 1083 1024 ρος.
1100 957 1142 1009 48.

904 1039 1018 1108 οοράντα
1036 1053 1096 1104 ρος.
1112 1037 1155 1091 50.

904 1119 994 1190 οιδηρὴ
1012 1136 1073 1185 ρος.
1094 1117 1137 1172 34.

903 1198 1066 1257 σινισοιάλοιος
1083 1215 1144 1265 ρος.
1161 1197 1204 1250 59.

902 1278 1084 1352 Σπονδοφόρος
1103 1297 1173 1334 nom.
1189 1297 1228 1346 pr.
1246 1295 1307 1346 ρος.
1322 1279 1367 1334 54.

903 1364 1018 1432 οτέμμον
1037 1376 1097 1431 ρος.
1117 1360 1160 1415 59.

903 1441 1021 1514 στιβαρὸν
1052 1445 1121 1507 apud
1153 1448 1258 1508 poetam
1285 1443 1419 1506 vulgarem
1517 1509 1518 1524 χ

916 1541 995 1590 Ιρος.
1016 1524 1058 1576 10.
1092 1529 1096 1538 ’

902 1610 1047 1676 ουμπαοχῶ
1065 1619 1126 1669 ρος.
1145 1601 1188 1653 34.

903 1686 947 1738 σὺν
966 1701 1026 1736 cum
1043 1687 1158 1750 genitivo
1175 1698 1235 1749 ρος.
1255 1681 1280 1736 5.

902 1767 1093 1838 συνεπήντηοοιν
1107 1781 1155 1832 pro
1167 1763 1362 1833 οονοπήνοηοοιν
1370 1763 1420 1828 (ef.

936 1848 1098 1916 ἐπάντημοιν)
1116 1862 1177 1912 ρος.
1197 1843 1240 1897 49.

1140 1985 1179 2060 Ἥ

900 2116 1085 2191 ταριχοποῦλοι
1095 2120 1113 2169 i.
1121 2135 1146 2182 q.
1156 2118 1335 2190 ταριχοπῶλοι
1344 2121 1421 2186 ρ,49.

900 2201 995 2273 τοίχοις
1010 2212 1059 2265 pro
1075 2197 1170 2270 τείχεσι
1185 2213 1248 2264 ρος.
1264 2198 1305 2252 48.

900 2301 924 2334 τι
938 2278 1051 2351 μέθοδον
1070 2282 1184 2332 barbara
1198 2281 1296 2332 locutio
1311 2297 1376 2348 pag.
1394 2282 1419 2337 4.

899 2363 924 2415 τί
942 2364 1081 2435 πράγματα
1098 2377 1158 2427 ρος.
1175 2357 1218 2412 33.

900 2441 1031 2504 Τοποτζία
1049 2458 1118 2496 nom.
1134 2459 1174 2508 pr.
1189 2457 1249 2507 ρος.
1267 2441 1311 2492 57.

899 2528 995 2596 τριῆριν
1012 2539 1073 2590 ρος.
1090 2521 1132 2575 48.
1244 2555 1247 2563 ·

900 2798 986 2868 φέρνω
1004 2813 1066 2864 ρος.
1085 2795 1127 2847 49.

899 2879 1002 2950 φορένω
1021 2893 1081 2945 ρος.
1101 2877 1144 2934 50.

1138 3025 1181 3098 X

896 3149 1005 3220 χοιράζω
1028 3168 1089 3217 ρος.
1107 3151 1149 3207 43.

895 3230 970 3301 χάριν
989 3248 1037 3296 pro
1053 3234 1128 3304 χάρις
1142 3251 1202 3300 ρος.
1222 3233 1263 3286 47.

895 3311 961 3382 χέρα
981 3329 1074 3365 manus
1091 3331 1152 3380 pag.
1169 3313 1193 3370 9.

896 3393 952 3464 χέρι
969 3410 1029 3459 ρος.
1049 3393 1074 3445 9.

896 3474 1016 3543 χιονάτος
1032 3490 1092 3539 ρος.
1111 3473 1155 3527 58.

895 3554 970 3624 χράω
988 3570 1038 3621 pro
1056 3555 1171 3626 χράομαι
1186 3573 1247 3622 ρος.
1263 3556 1307 3610 45.

894 3634 1278 3786 ξίῖοἱῗὸζὲοέέξέωοξῑοξέὧ
1300 3719 1421 3774 formula

895 4033 1051 4104 ὠραιωμένη
1071 4035 1182 4099 pulchra
1199 4048 1259 4097 ρος.
1278 4031 1320 4083 49.

332 4114 624 4181 Veneto-Byzantium
656 4127 717 4180 ρος.
737 4112 817 4179 8οοο.
895 4113 932 4171 ὡς
956 4116 1076 4165 mendose
1100 4113 1228 4163 infinitivo
1252 4113 1336 4165 futuri
1350 4116 1421 4180 jun.

298 4197 468 4271 προςφέρεοοι
486 4212 547 4262 ρος.
564 4193 606 4246 97.

817 4215 820 4224 ’
928 4202 999 4247 ctum
1018 4208 1079 4259 ρος.
1097 4190 1140 4241 95.

755 4377 954 4392 μ.
