3066 5102
769 435 915 530 ,ἔξω

380 607 458 688 μετὰ
481 610 515 672 δέ
539 609 592 692 τὴν
616 610 779 692 ὑπόσχεσιν
804 607 968 694 συνέλαβεν
992 612 1010 691 η
1037 610 1125 694 κόρη,

378 715 428 777 καὶ
446 718 555 788 πάντες
579 720 621 786 εἰς
644 717 694 778 τδν
719 713 801 778 οίκόν
823 737 894 783 τους
915 716 1014 801 χαρὰς
1036 718 1171 799 μεγάλας
1194 716 1337 800 κάμνυυν.

329 827 363 880 20
377 819 463 886 Ἰδὼν
486 827 521 888 δὲ
541 827 594 908 τὴν
618 823 781 908 ὑπόσχεσιν
802 823 912 907 ἀπάρτι
932 823 1162 906 πληρωθεῖσαν,

379 925 489 1014 ἔλαβεν
510 934 544 994 τδ
568 931 728 1014 μαρσίπιυν
753 929 828 1011 μετὰ
850 931 902 1010 τὴν
927 929 1090 1013 βακτηρίαν

381 1037 424 1104 ώς
444 1036 578 1122 εὐτελής,
599 1038 650 1099 καὶ
671 1038 723 1117 τὴν
747 1037 855 1117 στολὴν
879 1035 1028 1120 ἐφόρεσεν
1054 1035 1170 1110 αὐτίκα,

378 1141 416 1203 νά
437 1148 496 1206 πᾶν
520 1146 563 1212 εἰς
581 1146 614 1206 τδ
637 1143 804 1226 εύκτηριον,
827 1143 899 1205 ναδν
920 1149 974 1206 τοὺ
995 1143 1157 1227 Ἰακώβου.

379 1271 408 1310 κι
427 1250 562 1333 ἀντάρας
580 1254 685 1313 πυῖσεν
708 1251 760 1332 τἠν
785 1251 856 1312 ὑδδν
881 1249 948 1334 μετ’
972 1251 1066 1314 αὑτοῦ
1085 1252 1136 1312 καὶ
1157 1251 1223 1334 ἑτέρ
1255 1273 1280 1312 ν.

330 1365 363 1418 25
383 1334 458 1441 μετὰ
481 1359 515 1420 δὲ
536 1361 589 1420 τοὺ
613 1356 803 1439 πορεύεσθαι
824 1359 950 1441 στράταν
972 1363 1026 1421 τοὺ
1047 1358 1180 1426 ταξιδίου

382 1462 556 1548 ἐπάντημαν
583 1465 724 1525 ἐνάντιων
747 1468 862 1545 πλῆρες
882 1465 992 1545 ζημίας
1013 1466 1106 1549 γέμον

382 1569 481 1633 ἐκεῖσε
501 1571 745 1652 συνεπήντησαν·
768 1570 875 1653 ζημίαν
894 1569 945 1651 χιά
972 1571 1112 1654 τοιαύτην

384 1676 519 1761 ἐκίνησεν
540 1679 555 1739 ό
581 1676 723 1762 βασιλεὺς
747 1677 900 1748 Φίλιππος
912 1653 955 1742 ἐκ
976 1677 1120 1747 Σπανίας.

381 1782 558 1868 Σαρακηνδς
581 1785 633 1867 τὴν
656 1783 761 1866 χενεὰν
781 1783 853 1870 ἦτον
878 1785 1113 1870 μαχαρισμένος.

332 1898 366 1950 30
383 1891 502 1974 πλῆθος
528 1894 652 1953 πολλῶν
683 1892 898 1974 καβαλλαριῶν
927 1891 1033 1972 ἔσυρεν
1059 1893 1206 1970 συντροφ(
1230 1893 1237 1913 ’

381 1999 433 2061 καὶ
454 1999 576 2071 πεζικὸν
595 1997 763 2082 ἀμέτρητον
788 1975 902 2081 ἐμπρύς
922 2017 975 2056 του
999 1992 1069 2076 μετ’
1095 1993 1234 2056 ἐκείνων·

381 2113 511 2191 περνυὺν
533 2108 576 2175 εἰς
598 2104 654 2188 ὄρη
677 2102 813 2187 δύσβατα
837 2103 1171 2185 νοκτοπεριπατοὺντες.

384 2211 516 2298 ἐχάραξε
537 2215 557 2296 ἡ
579 2211 725 2294 ἀνατυλή,
750 2207 908 2294 ἐσύμωσεν
930 2210 950 2292 ἡ
972 2207 1062 2294 μέρα,

384 2299 578 2405 ἔλαμψεῖαὶ
598 2320 764 2403 ἐμόρφωσε
786 2318 820 2380 τδ
842 2319 909 2398 φώς
928 2317 962 2377 τδ
986 2320 1039 2377 τοὺ
1058 2316 1159 2398 ἡλίου.

332 2434 366 2488 35
383 2428 434 2489 καὶ
456 2428 559 2511 βίχλας
581 2424 709 2506 ἔστησαν
733 2419 850 2487 πολλὰς
873 2419 1035 2504 βλέποντες
1055 2422 1107 2490 τὰς
1126 2424 1315 2507 κλεισούρας.

386 2533 453 2596 ἐκεῖ
468 2532 565 2596 ’δασιν
586 2528 795 2614 διαβαίνοντας
815 2525 997 2609 ἀνθρώπους
1017 2528 1224 2610 πελεχρίνυυς,

379 2637 558 2723 Ῥωμαίους
578 2614 669 2706 όλύυς
688 2633 831 2716 εύχενεῖς,
857 2628 1058 2711 Χριστιανοὺς
1078 2632 1130 2713 τὴν
1150 2632 1257 2710 πίστιν,

387 2745 456 2808 όλυι
478 2747 515 2808 νὰ
538 2744 752 2826 ὑπαχαίνουσιν
775 2737 825 2798 διὰ
841 2737 878 2798 νάι
901 2738 1126 2821 πρυςκυνήσουν

384 2855 435 2939 τὸν
457 2854 540 2935 ἅχιυν
558 2848 714 2931 Ἰάκωβον,
738 2841 909 2906 ἀπόστολον
931 2845 1053 2928 κυρίου·

336 2967 371 3020 40
390 2962 468 3024 ὥστε
492 2960 626 3040 ὑπῆρχεν
648 2953 714 3034 μετ’
742 2950 852 3018 αὐτοὺς
873 2952 923 3014 καὶ
947 2951 963 3014 ὑ
988 2953 1065 3036 ἀνὴρ
1093 2954 1219 3034 ἐκεῖνος,

387 3068 503 3133 ἐκεῖνος
521 3067 581 3125 πυὺ
603 3059 656 3142 τὴν
680 3057 802 3120 ἄτεκνον
823 3058 904 3144 εἶχεν
927 3062 978 3123 καὶ
1001 3059 1188 3144 ὑπεσχέθην,

387 3172 440 3234 ἐὰν
462 3169 545 3250 λυθῇ
563 3168 596 3227 τδ
616 3168 670 3228 τοῦ
692 3166 807 3248 δεσμοῦ
829 3170 879 3230 καὶ
900 3169 919 3250 ἡ
941 3167 1015 3251 γυνὴ
1039 3168 1189 3251 συλλάβῃ,

388 3279 427 3362 μὲ
443 3276 497 3359 τὴν
521 3271 597 3355 ἐμὴν
621 3272 771 3356 όμόζυχον
794 3271 824 3336 ν’
846 3274 1000 3338 ἀπέλθουν
1023 3274 1053 3336 ἐν
1076 3271 1245 3340 Γαλίτξοιις.

346 3414 349 3421 1
388 3388 430 3450 ώς
452 3384 523 3462 γοῦν
550 3380 621 3441 ἰδὼν
644 3382 659 3444 ὑ
682 3379 825 3465 βασιλεὺς
848 3383 974 3450 τούτους
996 3383 1233 3462 ὁδοιποροῦντας

336 3497 369 3550 45
387 3491 450 3555 τοῖς
469 3485 656 3570 ἀλλοφύλοις
677 3486 789 3569 ἤρξατο
808 3489 944 3552 κελεύειν
964 3488 1014 3550 καὶ
1033 3486 1242 3570 πρυςτάσσειν,

386 3593 613 3678 καβαλλαρίους
632 3591 714 3675 λέχει
737 3595 772 3658 δὲ
793 3592 1151 3680 σφικτοαρματωμένους,

388 3700 500 3784 ἄνδρας
516 3698 630 3768 καλυδς
650 3704 844 3786 πολεμιστάς,
869 3703 1053 3786 στρατιώτας
1074 3701 1333 3787 ἀνδρειωμένους·

384 3806 545 3891 ”δράμετε,
563 3804 654 3884 δότε,
676 3809 790 3892 μάθετε
812 3811 845 3872 τδ
867 3810 896 3871 τί
912 3812 1018 3892 γενεάς
1038 3783 1209 3894 ὑπάρχουύ·

387 3936 416 3975 κι
433 3911 468 3976 ἂν
490 3913 561 3997 ἧναι
573 3911 633 3977 ἀπὸ
655 3920 714 3978 τῶν
736 3915 925 4000 Χριστιανῶν
948 3915 1036 3999 γένος
1058 3917 1132 4002 ὅπερ
1157 3920 1315 3999 μισοῦμεν,

335 4029 370 4081 50
388 3997 464 4083 εἴτι
483 3996 579 4086 κακόν
598 4043 628 4082 κι
649 4022 818 4102 ἐπώδυνον,
838 4028 896 4088 πάν
921 4023 1031 4092 αύτους
1052 4021 1174 4088 ποίσετέ
1197 4019 1263 4083 το.”

387 4126 532 4212 λαβόντες
554 4129 588 4190 δὲ
611 4105 753 4192 οἶάθεοι
774 4129 897 4214 θέλημα
914 4132 986 4216 παρ’
1012 4121 1140 4208 ἐκείνου,

389 4236 431 4302 ώτ
450 4233 544 4318 θῆρες
567 4236 682 4320 δράμυν
706 4236 771 4300 κατ’
798 4237 918 4318 αύτούς,
941 4245 983 4307 ώς
1002 4238 1089 4304 κύνες
1108 4236 1184 4319 μετὰ
1208 4237 1307 4322 θράσι·

388 4344 474 4445 κρίώς
495 4342 582 4408 λύκοι
604 4345 796 4430 ὑπεσέβησαν
821 4345 971 4428 σπαράξαι
990 4343 1041 4406 καὶ
1062 4344 1189 4429 ταράξαι
