3066 5102
644 344 682 404 31

110 548 169 590 νων
202 529 302 609 μερῶν
334 522 484 606 ἡμέτερόν
512 520 591 601 ἐστι,
623 524 713 582 τοῦτο
744 519 780 581 οὐ
809 517 919 602 μέρος,
946 515 1018 579 ἀλλ’
1045 515 1211 598 ὁλόκληρον

110 632 195 697 εἶναι.
241 634 257 695 δ
286 631 390 713 μέντοι
408 629 534 714 Σέρβιος
553 633 659 711 σοφῶς
678 624 777 708 ἔλεγε,
800 633 840 709 τῇ
860 629 914 688 τοῦ
934 625 1046 708 μέρους
1067 644 1212 706 προςηγο·

110 741 159 821 ρίηι
180 741 324 820 ἑκάτερον
357 737 527 818 δηλοῦσθαι
548 734 651 796 καὶτὸ
680 733 710 801 έΕ
733 732 906 816 ἀδιαιρέτου
931 733 1031 795 καὶτὸ
1054 731 1088 792 ἐκ
1111 732 1212 812 διηρη-

109 845 203 926 μένου
225 844 335 928 μέρους
357 843 518 905 ἐπίκοινον.
558 843 646 900 τοῦτο
672 839 707 900 δὲ
729 840 871 923 βούλεται
892 839 1000 920 λέγειν,
1022 838 1067 900 ὅτι
1087 837 1124 898 τὰ
1147 837 1214 897 δου·

108 949 236 1013 λούοντα
256 955 300 1035 τῷ
325 945 574 1030 πιπρασκομένην,
597 945 652 1008 κᾶν
675 946 861 1030 διῃρημένου
886 947 945 1007 ὦσι
973 945 1094 1028 μέρους,
1119 943 1214 1006 αὐτοῦ

108 1058 193 1132 εἰσιν,
222 1057 303 1137 ῶςὴ
328 1056 410 1122 κλεὶς
434 1054 484 1116 καὶ
513 1055 542 1116 οἱ
563 1054 684 1137 μοχλοί,
712 1055 764 1116 καὶ
792 1053 837 1114 ὅτι
865 1055 919 1116 τοῦ
940 1050 1025 1113 οίκου
1047 1051 1216 1134 πραθέντος

110 1167 271 1245 σιωπηρῶς
296 1163 428 1225 έπονται.
479 1158 551 1223 Ἐὰν
583 1161 650 1222 δυσὶ
682 1161 791 1227 δοῦλος
830 1159 849 1240 ἢ
880 1161 988 1221 πλοῖον
1026 1154 1214 1240 ληγατευθγῙ,

109 1269 279 1351 ἀδιαίρετος
301 1270 355 1351 μὲν
376 1271 395 1350 ἡ
418 1267 532 1331 τούτων
555 1268 645 1348 νομή,
674 1265 759 1350 ὅμως
783 1269 817 1330 rb
842 1268 901 1329 ἀπδ
925 1270 977 1348 τῆς
999 1265 1140 1331 δουλείας
1160 1266 1215 1325 τοῦ

107 1374 322 1458 πράγματοςὴ
351 1379 405 1437 τοῦ
436 1373 533 1456 πόρου
562 1373 708 1458 ἑκατέρου
736 1379 795 1436 τῶν
820 1375 974 1436 δεσποτῶν
998 1373 1157 1455 λογίζεται.
1187 1382 1215 1431 et

108 1485 145 1542 ad
167 1503 229 1560 cap.
251 1487 290 1545 24
313 1482 369 1544 oba
390 1479 452 1544 ἔστι
473 1479 579 1565 μέρος]
601 1477 664 1543 Τοῦ
682 1478 855 1564 Ἐναντιοιρ.
878 1478 967 1564 Βιβλ.
991 1478 1016 1542 α’
1038 1500 1090 1540 τιτ.
1113 1475 1134 1538 e'
1158 1477 1214 1556 διγ.

107 1588 164 1656 κς]
187 1592 229 1652 ὡς
250 1588 266 1648 ὁ
291 1588 366 1668 μετὰ
382 1590 435 1669 τὴν
452 1589 568 1670 κλοπὴν
592 1588 767 1672 συλληφθεί
781 1633 788 1648 .
819 1589 850 1650 ἐν
872 1588 998 1670 μὲνγὰρ
1020 1589 1064 1671 τιγῖ
1084 1583 1110 1647 α’
1138 1585 1215 1668 ββλ.

110 1691 203 1775 μέρος
223 1690 303 1753 εἶναί
330 1716 415 1776 φησι,
444 1697 494 1756 καὶ
523 1694 572 1756 διὰ
602 1679 691 1756 rubro
723 1694 763 1776 μὴ
787 1694 1000 1770 δεσπόίεσθαι,
1025 1697 1067 1762 ῶς
1085 1697 1139 1774 τῆς
1162 1715 1215 1775 μη·

107 1798 178 1880 τρδς
201 1798 310 1881 ἐγκύου
333 1801 514 1883 κλαπείοης·
543 1801 573 1862 ἐν
598 1802 633 1863 δέ
654 1805 698 1884 τῷ
718 1799 742 1870 ς’
764 1800 870 1884 βιβλίῳ
891 1801 931 1883 μη
955 1799 1032 1862 εἶναι
1054 1799 1145 1882 μέρος
1169 1798 1216 1861 λέ-

13 1911 15 1924 '
106 1927 201 1987 γεται,
231 1907 276 1968 ὅτι
305 1906 381 1988 μετὰ
405 1907 458 1988 τὴν
480 1909 595 1988 κλοπὴν
617 1907 811 1989 συνελήφθη·
854 1906 906 1968 καὶ
928 1904 979 1968 διὰ
997 1910 1086 1968 τοῦτο
1110 1904 1216 1968 δεσπό-

109 2013 216 2083 ζεσθαι
235 2017 279 2096 τῷ
299 2015 382 2094 καλῇ
402 2013 500 2075 πίστει
524 2011 621 2098 νομεῖ.
663 2014 694 2075 ἐν
717 2014 751 2075 δὲ
773 2017 818 2098 τῷ
839 2013 879 2076 κε’
902 2014 1008 2098 βιβλίῳ
1030 2036 1082 2075 τιτ.
1104 2011 1141 2076 δ.’
1160 2015 1215 2095 διγ.

111 2119 137 2180 α’
160 2119 259 2180 εἶπεν·
284 2120 317 2181 τδ
344 2120 624 2201 έγκυμονούμενον,
656 2123 723 2203 πρὶν
755 2123 774 2202 ἣ
804 2121 917 2204 τεχθῇ,
948 2120 1041 2204 μέρος
1065 2119 1142 2182 εἶναι
1164 2125 1217 2202 τῆς

107 2227 259 2308 γυναικός.
298 2230 406 2288 Utrum
431 2235 532 2304 pertus
560 2229 683 2287 ancillae
710 2223 772 2287 sire
787 2247 888 2286 servae
907 2229 1031 2287 furtivae
1051 2249 1120 2304 pars
1142 2239 1218 2288 esset

108 2357 147 2395 an
166 2355 224 2395 non
252 2344 346 2406 esset,
375 2334 438 2392 sine
463 2333 551 2392 dubio
577 2336 656 2393 haud
680 2336 775 2393 rarius
800 2353 819 2392 a
838 2331 1055 2414 jurisconsultis
1079 2336 1219 2393 Romanis

109 2442 272 2518 quaesitum
296 2448 349 2513 est,
375 2459 462 2515 quum
487 2441 592 2515 quibus
622 2443 723 2518 poenis
752 2444 895 2502 efficiendi
913 2451 1010 2502 essent
1037 2443 1067 2514 ii,
1095 2461 1218 2518 quorum

107 2551 232 2608 Plautus
251 2548 369 2607 Curcul.
389 2548 430 2619 V,
448 2549 476 2620 2,
497 2549 536 2607 22
558 2549 605 2607 his
627 2551 726 2608 verbis
746 2551 891 2607 meminit:
916 2551 985 2624 „qui
1007 2550 1080 2606 scies
1098 2527 1233 2608 mereeri‘

109 2659 233 2715 furtivas
254 2663 341 2730 atque
359 2655 501 2731 ingenuas
522 2656 659 2731 virgines,
677 2657 794 2714 ambula
814 2657 844 2714 in
860 2651 940 2736 jus.’'
979 2657 1130 2732 Principes
1150 2658 1220 2715 civi-

110 2764 178 2821 tatis
205 2765 240 2820 P.
260 2761 400 2822 Scaevola
430 2772 460 2820 et
486 2759 528 2821 Μ’
548 2762 689 2820 Manilius
715 2770 788 2821 teste
816 2763 955 2823 Cicerone
975 2764 1011 2822 de
1030 2764 1096 2822 Pin.
1112 2765 1219 2824 Bouor.

110 2880 139 2929 et
164 2871 269 2929 Melon.
295 2871 362 2943 Ι,4
391 2869 547 2945 aliquando
577 2870 653 2928 inter
679 2889 711 2928 se
738 2871 934 2942 disserebant,
972 2881 1073 2947 partus
1097 2875 1220 2933 ancillae

111 2983 224 3032 essetne
250 2977 282 3032 in
310 2977 406 3034 fructu
429 2975 595 3048 habendus,
627 2978 664 3034 ab
690 2978 783 3052 iisque
811 2979 854 3036 M.
882 2977 992 3037 Brutus
1023 2956 1220 3055 dissentiebat,

111 3101 170 3157 qua
191 3083 228 3140 de
246 3101 278 3139 re
298 3082 365 3140 vide
388 3083 568 3158 interpretes.
608 3083 683 3143 Erat
699 3095 796 3144 autem
815 3087 850 3144 P.
871 3087 988 3145 Mucius
1010 3086 1150 3148 Scaevola
1169 3111 1220 3166 pa·

109 3198 155 3247 ter
177 3187 212 3262 Q.
233 3189 335 3260 Mucii,
353 3189 390 3246 de
407 3207 464 3264 quo
486 3190 535 3247 hic
551 3191 657 3265 agitur.
697 3193 744 3251 De
764 3201 887 3268 utroque
908 3194 1049 3256 Scaevola
1065 3198 1137 3256 haec
1155 3218 1221 3276 pro·

111 3297 153 3352 dit
176 3294 283 3354 Sextus
302 3296 482 3373 Pomponius
504 3297 540 3352 de
562 3298 635 3374 orig.
649 3296 728 3379 juris
756 3310 784 3359 et
805 3302 985 3360 successione
999 3298 1221 3380 jurisconsulto-

109 3421 177 3462 rum
202 3402 273 3478 Dig.
300 3403 365 3473 I,2
393 3403 537 3479 fragm.2
566 3405 657 3472 §392
683 3408 774 3479 „Post
790 3409 844 3488 lues
865 3409 981 3468 fuerunt
999 3411 1034 3468 P.
1054 3409 1171 3470 Mucius
1193 3423 1221 3471 et

110 3511 221 3567 Brutus
242 3517 271 3566 et
292 3509 442 3580 Manilius,
464 3509 514 3586 qui
540 3511 736 3571 fundaverunt
756 3515 807 3588 jus
831 3516 924 3574 civile.
969 3517 1018 3575 Ex
1035 3518 1082 3576 his
1104 3520 1140 3577 P.
1154 3521 1221 3579 Mu·
1377 3525 1382 3534 ’

112 3616 173 3673 cius
202 3616 288 3673 etiam
315 3617 413 3674 decem
442 3616 555 3675 libellos
585 3618 711 3693 reliquit.
730 3653 770 3663 -
795 3622 864 3680 ibid.
890 3628 905 3693 ξ
928 3625 982 3684 lt:
1004 3634 1088 3700 „post
1109 3628 1162 3685 hos
1185 3628 1221 3702 Q.

112 3721 230 3778 Mucius
249 3721 349 3780 Publii
370 3721 463 3795 filius,
486 3724 617 3799 pontifex
634 3727 789 3800 maximus,
810 3727 861 3802 jus
882 3731 966 3789 civile
987 3731 1098 3806 primus
1117 3736 1222 3792 consti-

113 3827 176 3899 tuit,
198 3827 359 3903 generatim
384 3827 415 3885 iu
435 3829 525 3888 libros
546 3833 643 3892 decem
660 3844 688 3892 et
709 3843 773 3893 octo
791 3836 975 3912 redigendo.”
1010 3837 1108 3911 Quum
1126 3849 1221 3902 eutem

113 3933 149 4006 Q.
172 3935 288 3994 Mucius
311 3942 458 4010 acceptam
474 3954 494 3993 e
504 3944 587 4012 petre
598 3939 781 4017 disciplinam
794 3942 889 4019 magis
901 3945 1067 4018 excoluerit,
1088 3948 1118 4005 in
1134 3949 1223 4008 inter-

112 4039 389 4125 pretationegreecu
407 4061 477 4100 vero
492 4059 557 4102 eum
570 4047 687 4105 scholiis
701 4049 783 4107 nulle
804 4051 897 4110 subsit
918 4052 1042 4128 suspicio
1057 4055 1104 4113 vel
1118 4061 1222 4118 erroris

113 4143 162 4200 vel
184 4144 407 4220 depravationis,
434 4167 493 4207 non
515 4149 615 4210 dubito
642 4156 731 4213 verbe
754 4157 785 4213 in
814 4156 993 4216 Graecorum
1019 4160 1102 4219 libris
1127 4165 1165 4220 ad
1185 4163 1221 4238 Q.

113 4247 244 4305 Mucium
266 4257 409 4310 auctorem
430 4255 522 4314 relata
542 4256 569 4314 ei
589 4258 763 4333 adjudicare,
783 4264 893 4321 sivein
915 4265 1047 4339 exemplo
1067 4266 1156 4327 latino
1177 4272 1226 4329 rei
