3066 5102
851 367 870 426 1

389 541 444 598 Ait
473 540 563 617 igitur
591 542 712 616 scriptor
740 544 841 600 histor.
875 563 937 621 cap.
962 546 1026 604 VII
1054 567 1122 624 pag.
1144 549 1183 608 29
1213 552 1257 610 ed.
1286 554 1415 614 Bekker:

306 694 313 710 .
336 694 343 709 .
367 693 374 708 .
398 693 405 708 .
429 647 501 708 ἰδὼν
524 644 577 709 ούν
600 647 653 728 τὴν
675 646 773 731 ἄφιξιν
794 652 848 710 τοῦ
868 645 1125 733 Καντακυυίηνοῦ
1145 655 1289 738 βραδεῖαν
1310 657 1415 736 οὖσαν,

306 756 357 818 καὶ
386 753 549 839 βουληθεὶς
572 753 798 837 όπισθύρμητος
823 755 967 837 γενέσθαι
995 756 1123 840 (ἤκουσε
1149 759 1206 842 γὰρ
1237 763 1282 826 ότι
1310 768 1338 828 oi
1365 771 1416 850 τῆς

299 859 414 924 Ῥόδου
436 859 555 944 φρέριοι
580 859 687 922 στύλον
711 865 995 931 κατασκευάσαντες
1023 864 1168 948 ἀφίκοντο
1196 867 1226 927 ἐν
1251 877 1296 952 τῷ
1319 873 1415 955 λιμένι

303 973 357 1051 τῆς
376 967 532 1051 Σμύρνης,
554 968 604 1030 καὶ
625 967 753 1051 ἤρξαντο
778 970 952 1051 οἰκοδομεῖν
974 971 1120 1055 φρούριον
1143 972 1173 1033 ἐν
1198 973 1282 1059 αύτῷ
1305 979 1347 1042 ὡς
1369 979 1415 1038 ἐπ’

305 1074 432 1159 ὀνόματι
454 1079 508 1138 τοῦ
529 1075 616 1155 ἁγίου
633 1073 751 1158 Πέτρου
773 1075 862 1138 ἕνεκα
883 1078 1033 1159 σωτηρίας
1055 1084 1114 1138 τῶν
1137 1082 1283 1161 φυγάδων
1307 1084 1413 1166 αἰχμα-

305 1185 443 1263 λώτων),
467 1182 504 1244 τὰ
532 1184 607 1266 πρὸς
630 1185 751 1267 εἰρήνην
774 1185 825 1246 καὶ
849 1183 950 1267 φιλίαν
977 1186 1081 1250 καλῶς
1100 1185 1251 1252 διατεθεὶς
1272 1187 1372 1264 αύτύς,
1394 1213 1413 1271 η

305 1292 339 1354 δὲ
359 1287 597 1373 Καντακουζηνὴ
627 1292 679 1354 σὺν
710 1293 821 1375 δώροις
844 1291 888 1353 ότι
917 1290 1068 1359 πλείστοις
1094 1291 1322 1375 φιλοξενήσασα
1345 1293 1414 1356 ἀπέ-

303 1403 441 1482 πεμψεν,
471 1396 570 1460 ἐλθὼν
604 1396 666 1481 μετ’
694 1399 908 1482 αἰχμαλωσίας
932 1399 1049 1480 ἱκανῆς,
1084 1399 1226 1483 απαρχῆς
1250 1399 1415 1482 ούσηςτοῦ

304 1510 422 1588 καρποῦ
444 1508 496 1586 τῆς
516 1505 664 1587 ἁμαρτίας
677 1501 911 1586 τῶνῬωραίων
934 1509 994 1565 τῶν
1016 1506 1239 1569 κατοικούντων
1261 1507 1292 1568 ἐν
1310 1506 1414 1592 Θρηίκη

304 1613 354 1676 καὶ
376 1613 407 1673 ἐν
428 1612 539 1679 πάσαις
559 1615 624 1679 ταῖς
639 1611 716 1674 κατὰ
738 1611 821 1673 δύσιν
845 1611 977 1695 μέρεσιν.
1029 1614 1108 1690 Quid
1135 1618 1166 1675 in
1187 1619 1242 1676 hoc
1262 1621 1417 1678 verborum

303 1723 414 1782 ambitu
442 1723 479 1779 ab
508 1722 692 1797 antiquorum
722 1723 837 1781 dicendi
865 1724 1072 1782 consuetudins
1096 1726 1252 1786 abhorreat
1275 1729 1327 1786 vix
1345 1747 1418 1805 opus

303 1841 348 1892 est
369 1830 484 1906 exponi,
504 1830 535 1887 id
554 1837 667 1888 tantum
688 1829 750 1903 ajo,
770 1832 832 1887 falli
854 1829 1005 1904 egregium
1026 1832 1122 1889 virum
1145 1836 1231 1890 Imm.
1251 1835 1418 1893 Bekkerum

269 1987 271 1990 .
303 1945 360 2017 pro'
380 1937 410 1996 ἐν
433 1934 545 1998 πάσαις
565 1936 630 1998 ταῖς
650 1931 726 1992 κατὰ
747 1931 829 1991 δύσιν
855 1930 975 2014 μέρεσιν
996 1935 1180 1994 scribendum
1200 1956 1264 1994 esse
1286 1936 1317 1995 ἐν
1343 1941 1418 1997 πᾶσι

304 2047 367 2110 τοῖς
384 2043 589 2118 conjicientem.
637 2041 741 2116 Neque
770 2040 847 2100 enim
872 2042 910 2100 ad
936 2043 1154 2118 grammaticum
1173 2063 1306 2102 normam
1329 2063 1416 2121 quam

303 2154 464 2224 aPlatone,
487 2150 685 2208 Demosthene
706 2158 736 2208 et
757 2149 900 2207 similibus
922 2159 1021 2226 petere
1042 2151 1168 2210 solemus
1179 2152 1278 2210 Duces
1297 2152 1417 2233 exigen-

304 2264 359 2322 dus
379 2269 433 2334 est,
451 2257 502 2334 qui
521 2256 604 2315 illum
625 2259 661 2317 de
682 2277 739 2333 quo
761 2257 799 2315 ad
819 2257 906 2316 Dem.
927 2257 997 2316 Zon.
1019 2277 1048 2316 v.
1069 2259 1128 2318 197
1151 2260 1193 2337 (ρ.
1210 2259 1283 2337 101)
1304 2260 1418 2334 locutus

305 2393 370 2432 sum
396 2368 586 2426 recentiorum
607 2371 757 2442 po‘e'terum
781 2364 991 2423 barbarismum
1011 2367 1096 2427 πᾶσα
1116 2365 1159 2433 εἷς
1177 2368 1226 2426 vel
1245 2369 1330 2426 πάσα
1350 2341 1420 2431 ἕνας

247 2547 251 2557 ¹
305 2479 371 2556 (pro
394 2477 452 2539 πᾶς
475 2469 518 2538 εἷς
534 2473 553 2530 i.
566 2491 591 2530 e.
610 2469 760 2550 ἕκαστος),
780 2473 865 2532 πᾶσα
887 2468 918 2531 ἓν
942 2474 991 2530 vel
1012 2474 1096 2533 πᾶσα
1117 2472 1172 2534 ἕνα
1193 2475 1228 2552 (i.
1237 2494 1262 2532 e.
1277 2472 1419 2552 ἕκαστον)

305 2593 420 2646 secutus
442 2579 555 2648 πάσαις
575 2581 639 2646 ταῖς
659 2576 765 2662 μέρεσι
785 2582 879 2640 dicere
898 2598 987 2640 ausus
1006 2589 1059 2640 est.

389 2691 462 2768 Cep.
474 2690 555 2748 VIII
575 2708 604 2764 p.
620 2690 671 2748 32.
692 2685 759 2748 όσοι
804 2686 858 2770 μέν
888 2693 947 2748 τῶν
976 2683 1121 2770 Τούρκων
1149 2688 1420 2770 ἠνδραποδίζοντο,

307 2797 460 2884 μαχαίρας
481 2793 592 2862 αύτούς
614 2795 830 2877 παρανάλωμα
851 2794 991 2878 ἐπεποίη,
1014 2793 1083 2857 όσοι
1106 2795 1140 2856 δὲ
1162 2799 1221 2855 τῶν
1240 2791 1419 2874 Ῥωμαίων,

209 2928 213 2933 ’
307 2905 399 2990 μόνον
414 2906 477 2969 τοῖς
499 2899 646 2983 ἐνδύμασι
669 2899 780 2969 αύτούς
799 2902 986 2985 ἀφελοῦντες
1007 2901 1139 2984 γυμνοὺς
1159 2900 1288 2982 ἀφίεσαν
1313 2899 1420 2962 οἴκαδε

305 3009 502 3095 πορεύεσθαι.
532 3012 592 3070 Ηίο
608 3032 645 3069 ne
662 3011 732 3086 quid
746 3013 782 3071 de
793 3015 918 3072 barbare
930 3011 1142 3072 constructione
1154 3009 1257 3083 dicem,
1280 3007 1434 3088 ducnot'rp,

305 3122 387 3196 cujus
399 3122 462 3179 loco
472 3120 638 3177 Bullialdus
653 3115 798 3197 ἐποίησαν
810 3121 966 3195 legendum
982 3094 1146 3197 suspicatus
1156 3127 1227 3190 erat,
1244 3120 1274 3175 in
1297 3113 1420 3174 ἐποίουν

305 3231 412 3288 τουτονί
440 3228 574 3287 convenit
600 3234 753 3303 propterea
785 3229 861 3303 quod
893 3229 1036 3286 sententia
1062 3227 1259 3302 imperfectum
1290 3223 1422 3298 requirit,

307 3336 493 3418 άφελοῦντες
514 3346 610 3393 autem
635 3335 736 3390 saltem
763 3335 792 3392 in
817 3330 983 3415 ἀφελόντες
1001 3331 1226 3390 convertendum
1252 3340 1303 3388 est.

391 3442 464 3518 Cap.
476 3438 653 3498 XXXVIII
674 3456 703 3513 ρ.
717 3439 778 3496 273
799 3442 844 3496 ed.
867 3438 990 3496 Bekker.
1034 3435 1049 3493 ό
1073 3433 1106 3492 δέ
1130 3433 1275 3513 σοφιστὴς
1294 3439 1346 3515 τῆς
1368 3458 1420 3496 κα-

306 3551 372 3614 κίας
392 3546 508 3624 ἐκείνης
532 3543 547 3603 ό
569 3540 704 3623 τεχνίτης
726 3561 753 3599 τι
776 3539 909 3620 μέθοδον
931 3537 1075 3598 ἐπίστατο,
1091 3541 1145 3597 τοῦ
1162 3538 1201 3618 μὴ
1221 3540 1422 3620 διαρραγῆναι

306 3657 358 3736 τὴν
382 3649 525 3736 χωνείαν·
563 3648 714 3707 Bekkerus
736 3647 888 3705 insolentia
910 3652 1071 3700 structurae
1090 3665 1117 3703 τι
1142 3642 1275 3725 μέθοδον
1295 3665 1422 3707 commo·

305 3775 364 3835 tus,
380 3781 450 3820 num
473 3757 538 3816 τίνα
557 3754 754 3830 reponendum
775 3753 813 3808 sit
831 3749 960 3824 quaerit,
980 3749 1130 3812 immemor
1152 3773 1224 3812 usus
1242 3755 1421 3826 recentioris,

306 3890 364 3945 quo
384 3882 541 3945 pronomen
564 3858 804 3930 interrogativum
826 3853 856 3913 τί
875 3864 904 3913 ct
922 3856 1103 3917 indefinitum
1127 3860 1194 3920 κάτι
1216 3862 1310 3920 omnis
1331 3881 1421 3937 gene·

306 3976 347 4033 ris
370 3982 399 4031 et
420 3970 532 4029 numeri
556 3972 631 4023 sunt.
681 3961 757 4016 Vide
786 3961 883 4020 adnot.
904 3983 998 4023 meam
1020 3967 1058 4023 ad
1076 3966 1162 4025 Dsm.
1184 3969 1254 4026 Zen.
1275 3970 1421 4044 Pernphr.

306 4102 334 4138 v.
351 4081 408 4138 221
431 4097 460 4153 ρ.
478 4075 535 4131 106
556 4079 585 4127 et
609 4067 769 4125 Scarlatnm
792 4087 820 4141 p.
839 4071 897 4128 129
921 4083 948 4130 et
969 4074 1045 4132 infra
1065 4075 1160 4134 lion
1179 4095 1240 4152 cap.
1265 4079 1291 4135 2.
1334 4075 1420 4136 Haec

305 4184 440 4260 analogia
461 4196 550 4254 quum
569 4175 670 4230 Ducae
689 4174 901 4253 obversaretur,
917 4201 944 4238 τι
968 4177 1100 4261 μέθοδον
1120 4203 1194 4241 nove
1212 4192 1240 4238 ot
1259 4183 1417 4243 insolenter

306 4291 387 4348 dixit.
