3066 5102
742 397 887 491 —i-l‘

263 578 409 629 cunctans.
449 572 487 630 ln
509 572 609 648 quinto
632 579 764 648 poemate
776 571 908 629 Helenae
924 569 1110 630 Constantini
1131 574 1215 630 uxori
1234 545 1370 647 inscripto

264 678 335 737 ibid.
357 695 386 755 p.
409 680 471 739 568
492 698 510 738 a
532 678 663 738 cuculliis
682 683 804 737 exorsus
824 679 949 754 singulis
970 677 1101 736 cuculliis
1132 679 1275 755 strophas,
1298 695 1370 754 quas

263 802 282 840 a
302 787 451 859 quaternis
470 786 622 844 versiculis
643 795 721 858 sunt,
743 785 866 860 subjicit.
908 786 951 846 At
973 785 1137 845 Aooluthus
1158 785 1370 844 Grammaticus

264 890 295 949 in
327 911 361 950 eo
387 900 521 968 poemate
552 895 630 968 quod
659 894 690 950 in
720 892 864 950 brumalia
892 895 1041 952 contexuit
1064 894 1134 952 ibid.
1157 911 1185 968 p.
1204 895 1263 952 571
1290 893 1371 952 modo

264 999 412 1071 quaternis
439 1001 525 1058 modo
551 1001 641 1058 ternis
674 999 801 1074 strophis
825 1018 842 1055 e
872 1008 1010 1073 quattuor
1043 1001 1177 1059 versibus
1210 999 1371 1076 compositis

263 1105 345 1162 addit
374 1107 530 1164 cucullium
560 1109 597 1163 ab
628 1107 699 1181 ipsis
731 1105 857 1180 strophis
885 1107 970 1164 metri
998 1125 1105 1182 genere
1131 1127 1188 1164 non
1213 1108 1372 1164 divorsum.

263 1209 373 1269 Contra
392 1211 540 1288 Georgius
563 1211 779 1271 Grammaticus
808 1232 837 1288 p.
861 1213 977 1274 statu
1000 1214 1198 1289 epithalamiis
1219 1214 1297 1272 nnllo
1315 1212 1371 1270 uti-

261 1326 311 1375 tur
329 1319 461 1377 cucullio.
503 1318 553 1377 Ab
583 1319 629 1376 his
655 1321 788 1378 omnibus
813 1321 908 1379 differt
930 1320 1073 1380 iohannis
1097 1321 1211 1378 'Gazaei
1235 1315 1371 1398 ἐπεβατή-

263 1443 327 1506 proc
344 1426 414 1484 ibid.
432 1445 462 1502 p.
485 1427 546 1486 575
566 1426 608 1484 ita
628 1427 770 1497 conditus,
795 1435 827 1483 ut
850 1447 903 1486 sex
925 1429 1061 1487 versibus
1085 1426 1259 1486 hexametris
1277 1427 1372 1482 herci-

261 1533 304 1591 cis
324 1543 435 1608 septem
463 1535 600 1608 strophae
623 1533 853 1591 Anacreonticae
880 1551 895 1590 e
920 1534 1017 1608 quinis
1045 1533 1179 1592 versibus
1208 1541 1372 1591 constantes

262 1635 486 1718 subjungantur.
531 1639 614 1697 Idem
640 1639 671 1697 in
696 1640 764 1698 aliis
789 1640 966 1698 carminibus
993 1660 1022 1717 p.
1046 1641 1107 1700 636
1127 1648 1157 1698 et
1177 1641 1236 1700 cst
1260 1641 1373 1696 duobus

262 1746 400 1804 trimetris
427 1746 557 1804 iambicis
586 1747 714 1824 quinque
741 1750 798 1807 vel·
814 1767 867 1807 sex
898 1749 1033 1825 strophas
1053 1747 1279 1818 Anacreontsas,
1299 1765 1373 1820 quae

263 1859 418 1928 quaternos
440 1873 546 1913 versus
574 1857 811 1928 complectuntur,
836 1853 959 1930 subjicit.
999 1854 1036 1906 In
1057 1871 1092 1906 eo
1110 1859 1210 1906 autem
1232 1861 1373 1923 poemate,

262 1955 345 2031 eujus
379 1959 495 2018 initium
528 1967 573 2016 est
604 1957 620 2016 b
650 1953 749 2033 γέλως
778 1953 793 2012 ὁ
826 1957 878 2030 τῆς
905 1948 1051 2029 Κυθήρης
1083 1970 1112 2026 p.
1139 1953 1201 2012 638
1238 1953 1372 2027 singulae

263 2064 399 2137 strophae
420 2064 548 2136 quinqua
569 2077 672 2117 versus
692 2058 846 2119 continent.
886 2057 990 2114 Helias
1011 2054 1163 2132 Syncellus
1190 2058 1373 2134 intpoemate

264 2166 306 2244 (p.
335 2165 412 2247 641)
446 2166 524 2241 quod
555 2165 723 2224 inscribitur
747 2159 994 2246 ’Atuxpsdrcstou
1022 2163 1235 2224 autumaretur
1259 2165 1374 2222 omissis

263 2273 394 2332 cucussiis
406 2277 542 2349 quattuor
562 2271 743 2347 singularum
758 2274 941 2348 stropharum
964 2289 1067 2329 uersus
1087 2273 1124 2330 ab
1147 2271 1250 2329 iisdem
1269 2270 1374 2330 litteris

263 2380 372 2458 incipit.
419 2377 520 2439 Prima
541 2378 633 2454 igitur
651 2378 772 2454 stropha
792 2386 851 2436 est:

544 2519 622 2583 ’Aca
646 2519 773 2605 καρδίας
793 2517 956 2603 θεμέθλων

549 2625 652 2707 ducito)
673 2627 771 2689 πυκνὰ
792 2624 977 2708 στεναγμόν·

548 2733 752 2816 ἀνομημάτων
774 2732 831 2816 γὰρ
858 2732 958 2816 ἄχθος
1016 2759 1021 2776 ·

549 2837 746 2922 ἀνακείμενον
757 2840 788 2918 “)
813 2840 919 2907 κλονεῖ
940 2859 989 2920 με.
1049 2853 1053 2860 ’

718 2972 845 3030 secunda
864 2991 934 3032 veru

552 3102 660 3186 βροτὸς
681 3101 847 3184 ἀσθενὴς’
836 3103 915 3186 υπάρ
900 3123 979 3186 ρχω,

552 3207 620 3292 βαρ
613 3231 629 3270 u
653 3229 712 3292 φορ
698 3207 778 3290 prior
801 3231 823 3268 rr
825 3207 912 3290 pacui
912 3229 968 3291 pm,

575 3316 618 3378 c'ov
642 3319 684 3384 ὡς
705 3315 776 3378 ὁδὸν
797 3312 954 3398 stupebam,

553 3421 699 3506 duboc’
671 3442 714 3488 εις
736 3424 838 3482 κακῶν
860 3421 1035 3502 προκύπτω.

349 3559 394 3629 In
409 3569 499 3627 altero
520 3576 652 3645 poemate
672 3567 750 3643 quod
770 3575 815 3624 est
834 3567 912 3642 apud
933 3566 1120 3641 Matrangam
1136 3583 1166 3642 p.
1191 3567 1252 3626 645
1274 3565 1377 3643 vulga·

268 3693 329 3734 rem
350 3673 480 3750 sequitur
501 3675 642 3732 rationem
660 3674 822 3731 litterarum
841 3673 965 3749 singulis
978 3673 1104 3750 strophis
1116 3675 1377 3750 praefigendam,

269 3781 319 3858 (de
345 3799 403 3855 qua
432 3799 521 3857 supra
541 3779 689 3857 diximus)
718 3781 861 3840 coronidis
886 3781 949 3840 loco
976 3799 1041 3839 cum
1067 3781 1133 3838 aliis
1155 3781 1289 3839 versibus
1315 3789 1379 3837 tum

203 3881 205 3886 ’
269 3885 392 3943 cucullio
419 3886 532 3960 positis.
585 3887 732 3963 Georgius
770 3887 985 3946 Grammaticus
1019 3905 1103 3946 orsus
1130 3894 1244 3944 sextum
1275 3891 1380 3962 poema

269 3991 346 4066 apud
364 3991 551 4068 Matrangam
570 4012 600 4068 p.
611 3995 672 4052 662
693 3995 827 4052 utribus
846 3996 976 4053 cucnlliis
998 3993 1172 4053 tetrastichis
1194 3998 1222 4048 ct
1243 4000 1379 4066 quattuor

269 4097 404 4156 versibus
433 4097 570 4157 trimetris
598 4099 729 4158 iambicis
751 4102 849 4160 decem
876 4105 1009 4182 strophas
1038 4098 1224 4174 squammis
1245 4099 1379 4158 versibus

338 4283 369 4350 *J
389 4283 433 4336 Sic
452 4289 585 4338 emendavi
603 4291 698 4342 codicis
717 4290 855 4342 lectionem
874 4287 1046 4355 tucactptup.
