3066 5102
154 583 189 636 20
206 580 395 665 Μαγδαληνή
420 573 525 659 Μαρία

203 690 400 774 προσέδραμε
422 691 466 770 τῷ
487 686 588 769 τάφῳ,

204 801 256 862 καὶ
279 799 328 860 τὸν
350 793 481 878 Χριστὸν
506 793 615 852 ἰδοῦσα

206 912 247 974 ὡς
267 904 421 987 κηπουρὸν
445 901 560 982 ἠρώτα.

197 1124 348 1206 Ἀγγελος
372 1117 584 1200 ἐξαστράπτων

156 1237 189 1290 65
208 1235 273 1298 ταῖς
290 1228 421 1312 γυναιξὶν
444 1221 535 1312 ἐβόἀ·

204 1336 367 1401 παύσασθε
389 1337 448 1396 τῶν
469 1330 620 1415 δακρύων,

205 1446 250 1510 δτι
270 1443 402 1528 Χριστὸς
423 1441 545 1523 ἀνέστη.

202 1659 381 1732 Ἐξίπνισας
405 1661 547 1724 ὑπνώσας

204 1771 329 1854 νεκροὺς
352 1768 423 1835 τοὺς
443 1763 492 1828 ἀπ’
516 1763 637 1835 αἰῶνος,

156 1882 191 1934 30
210 1879 373 1962 βασιλικῶς
393 1873 549 1959 βρ-υχήσας

206 1987 249 2053 ὡς
272 1985 302 2054 ἐξ
321 1955 424 2048 ’ίοίνδα
447 1977 537 2042 λέων.

200 2206 239 2272 ‘0
262 2204 393 2290 Χριστὸς
413 2197 523 2278 ἀνέστη

207 2318 262 2382 τδν,
278 2313 410 2374 θάνατον
432 2303 570 2386 πατήσας

636 399 784 492 Ἠιο-

730 573 776 637 δτι
793 569 924 658 Χριστὸς
938 571 1053 660 ,ἀνέστη

729 685 779 747 καὶ
794 678 904 765 ’Ἅιδης
928 679 1109 762 ἐσκυλείθη.

727 901 867 985 Σήμερον
896 902 912 962 6
937 896 1085 980 δεσπότης
1233 910 1267 962 40

730 1009 895 1073 ἐσκόλεοσε
915 1007 966 1069 τὸν
978 1001 1100 1088 Ἅιδην,
1278 995 1282 1002 “

730 1117 849 1201 ἐγείρας
869 1113 941 1182 τοὺς
963 1113 1115 1196 δεσμίους,

731 1225 784 1293 οὓς
804 1221 851 1288 ἀπ’
874 1224 985 1292 αἰῶνος
1005 1221 1071 1308 εἶχε

731 1336 838 1400 δεινῶς
858 1329 1112 1416 κεκρατημένους.

963 1437 1191 1508 Μῶκτλ

731 1659 909 1742 Μεγοίλυνον
934 1660 1017 1743 ψυχή
1041 1681 1099 1741 μου
1236 1667 1268 1719 45

731 1773 784 1850 τῆς
808 1768 1045 1851 τρισυποστάτσυ

731 1875 781 1937 καὶ
800 1871 974 1956 ἀδιαιρέτου

730 1981 876 2065 θεότητος
894 1984 928 2047 τδ
950 1984 1067 2066 κράτος.

729 2200 829 2284 Χαῖρε
851 2202 986 2285 παρθένε
1008 2207 1110 2285 χαῖρε,

730 2311 821 2392 χαῖρε
843 2306 1046 2390 εὐλογημένη,
1237 2307 1271 2358 50

207 2421 257 2483 καὶ
279 2419 350 2485 τοὺς
371 2413 495 2500 νεκροὺς
518 2409 636 2494 ἐγείρας
730 2419 821 2500 χαῖρε
845 2412 1064 2498 δεδοξασμένη,

158 2536 191 2590 35
210 2529 280 2593 λαοὶ
300 2521 499 2608 ἀγαλλιᾶσθε.

208 2743 346 2827 Σήμερον
368 2743 452 2801 πᾶσα
472 2738 564 2803 κτίσις

209 2852 374 2932 ἀγάλλεται
395 2848 444 2908 καὶ
466 2845 578 2932 χαίρετ,

733 2525 749 2586 6
771 2525 823 2592 σδς
840 2523 897 2607 γάρ
919 2525 983 2630 666<
1004 2522 1113 2606 ἀνέστη

733 2633 895 2716 τριήμερος
918 2632 951 2696 ἐκ
972 2632 1083 2713 τάφου.

244 3099 416 3165 Notandum
435 3123 514 3176 vero,
535 3113 665 3179 temporo
684 3103 816 3180 paschali
834 3105 911 3179 apud
932 3102 1061 3162 Graecos
1080 3106 1169 3180 vulgo
1189 3123 1206 3161 a
1228 3124 1273 3164 sa·

160 3215 322 3274 lumntibus
351 3213 406 3272 dici
429 3207 560 3292 Χριστὸς
581 3205 701 3290 ἀνέστη.
752 3211 817 3285 Quo
845 3213 894 3282 fit,
919 3221 953 3270 ut
984 3220 1083 3270 auctor
1114 3213 1211 3272 threni
1238 3215 1273 3271 de

161 3334 246 3400 capta
262 3343 281 3382 α
305 3323 411 3381 Turcis
434 3318 627 3395 Adrianopoli
656 3320 686 3380 in
709 3318 965 3378 commemorandis
990 3318 1152 3394 praecspuis
1172 3318 1274 3377 diebus

161 3432 242 3490 festis
271 3429 417 3507 paschatis
444 3428 554 3488 nomini
580 3425 644 3504 (καὶ
666 3428 719 3507 τῆς
739 3425 881 3507 λαμπρῆς
900 3424 951 3506 τήν
974 3422 1134 3506 κυριακὴν)
1163 3445 1274 3485 sacram

161 3540 236 3598 hanc
260 3546 290 3596 et
317 3538 473 3597 solemnem
500 3535 647 3594 salutandi
676 3535 829 3594 formulam
856 3529 988 3614 Χριστὸς
1012 3530 1120 3613 ἀνέστη
1150 3532 1274 3615 adjiciat.

162 3647 284 3704 Initium
306 3646 402 3704 throni
424 3655 482 3704 σοι·

205 3795 360 3879 Κλαίγουν
382 3797 528 3878 τάηδόνια
549 3802 602 3878 τῆς
623 3794 762 3903 Βλαχιᾶς
784 3798 834 3860 καὶ
855 3797 892 3860 τὰ
915 3793 1062 3857 πουλιά”
1060 3817 1074 3862 ς
1093 3819 1145 3878 την
1170 3797 1264 3870 δύσιν,

201 3906 343 3988 κλαίγοον
371 3903 459 3990 ἀργοί,
481 3905 623 3986 κλαίγοον
645 3906 764 4012 ταχειά,
788 3905 929 3987 κλαίγοον
953 3905 986 3966 τὸ
996 3879 1171 3986 μεσημέρι,

203 4013 346 4094 κλαίγοον
368 4013 421 4096 τήν
442 4010 518 4095 Ἀδρ
522 4012 696 4074 ιανοιίπολιν
719 4016 772 4096 τὴν
795 4011 904 4098 βαρειά
926 4009 1165 4097 κροσσεομένην,

207 4123 284 4180 ὁποδ
306 4121 358 4203 τήν
382 4121 414 4184 ἐν
399 4118 606 4206 κρουσεύσανε
628 4124 693 4187 ταῖς
710 4121 829 4204 ἑορταῖς
850 4127 904 4182 τοῦ
925 4120 1052 4204 χρόνου,

203 4228 257 4286 τοῦ
276 4222 516 4311 Χριστοογέννου
534 4225 600 4308 γιδ’
625 4228 695 4311 κηρὶ
716 4228 766 4290 καὶ
786 4232 840 4291 τοῦ
860 4227 974 4334 [3606‘
979 4227 1029 4310 γιά
1051 4229 1123 4312 βοίϊα

139 4327 140 4332 ¹
203 4332 253 4394 καί
276 4353 330 4413 της
350 4334 488 4417 λαμπρης
515 4338 567 4418 τὴν
592 4334 736 4419 κυριακὴν
723 4331 857 4415 νγιδ’τ
840 4312 1039 4421 δΧριστδς
1048 4334 1169 4417 ανέση
