<?xml version="1.0" encoding="UTF-8"?>
<!DOCTYPE html PUBLIC "-//W3C//DTD XHTML 1.0 Transitional//EN"
    "http://www.w3.org/TR/xhtml1/DTD/xhtml1-transitional.dtd">
<html xmlns="http://www.w3.org/1999/xhtml" xml:lang="en" lang="en">
 <head>
  <title>
</title>
<meta http-equiv="Content-Type" content="text/html;charset=utf-8" />
  <meta name='ocr-system' content='tesseract 3.04.00' />
  <meta name='ocr-capabilities' content='ocr_page ocr_carea ocr_par ocr_line ocrx_word'/>
</head>
<body>
  <div class='ocr_page' id='page_1' title='image "./conjectaneorumb00mullgoog_0059.png"; bbox 0 0 3066 5102; ppageno 0'>
   <div class='ocr_carea' id='block_1_1' title="bbox 787 332 828 392">
    <p class='ocr_par' dir='ltr' id='par_1_1' title="bbox 787 332 828 392">
     <span class='ocr_line' id='line_1_1' title="bbox 787 332 828 392; baseline 0 0"><span class='ocrx_word' id='word_1_1' title='bbox 787 332 828 392; x_wconf 78' lang='lat'>56</span> 
     </span>
    </p>
   </div>
   <div class='ocr_carea' id='block_1_2' title="bbox 739 408 884 420">
    <p class='ocr_par' dir='ltr' id='par_1_2' title="bbox 739 408 884 420">
     <span class='ocr_line' id='line_1_2' title="bbox 739 408 884 420; baseline -0.007 0"><span class='ocrx_word' id='word_1_2' title='bbox 739 408 884 420; x_wconf 43' lang='lat' dir='ltr'>...wa—t</span> 
     </span>
    </p>
   </div>
   <div class='ocr_carea' id='block_1_3' title="bbox 249 504 1368 1872">
    <p class='ocr_par' dir='ltr' id='par_1_3' title="bbox 249 504 1368 1231">
     <span class='ocr_line' id='line_1_3' title="bbox 251 504 1366 588; baseline 0.001 -23"><span class='ocrx_word' id='word_1_3' title='bbox 251 504 336 566; x_wconf 81' lang='grc' dir='ltr'><strong>τεοία</strong></span> <span class='ocrx_word' id='word_1_4' title='bbox 357 507 456 566; x_wconf 86' lang='lat' dir='ltr'>utitur.</span> <span class='ocrx_word' id='word_1_5' title='bbox 505 510 611 584; x_wconf 86' lang='lat' dir='ltr'>Neque</span> <span class='ocrx_word' id='word_1_6' title='bbox 633 529 702 568; x_wconf 85' lang='lat' dir='ltr'>vero</span> <span class='ocrx_word' id='word_1_7' title='bbox 731 510 825 568; x_wconf 82' lang='lat' dir='ltr'>solum</span> <span class='ocrx_word' id='word_1_8' title='bbox 845 505 1007 588; x_wconf 84' lang='grc' dir='ltr'><strong>κουρτεοία</strong></span> <span class='ocrx_word' id='word_1_9' title='bbox 1029 508 1171 579; x_wconf 85' lang='lat' dir='ltr'>dinebent,</span> <span class='ocrx_word' id='word_1_10' title='bbox 1197 509 1247 567; x_wconf 83' lang='lat' dir='ltr'>sed</span> <span class='ocrx_word' id='word_1_11' title='bbox 1271 507 1366 567; x_wconf 86' lang='lat' dir='ltr'>etiarn</span> 
     </span>
     <span class='ocr_line' id='line_1_4' title="bbox 250 612 1367 697; baseline -0.001 -24"><span class='ocrx_word' id='word_1_12' title='bbox 250 614 392 690; x_wconf 81' lang='lat' dir='ltr'>adjective</span> <span class='ocrx_word' id='word_1_13' title='bbox 420 612 586 697; x_wconf 77' lang='grc' dir='ltr'><strong>κουρτέαης</strong></span> <span class='ocrx_word' id='word_1_14' title='bbox 607 625 637 675; x_wconf 92' lang='lat' dir='ltr'>et</span> <span class='ocrx_word' id='word_1_15' title='bbox 663 615 794 675; x_wconf 83' lang='lat' dir='ltr'>adverbii</span> <span class='ocrx_word' id='word_1_16' title='bbox 820 635 900 675; x_wconf 89' lang='lat' dir='ltr'>more</span> <span class='ocrx_word' id='word_1_17' title='bbox 920 612 1112 696; x_wconf 76' lang='grc' dir='ltr'><strong>κουρτεοινᾶ.</strong></span> <span class='ocrx_word' id='word_1_18' title='bbox 1151 614 1228 674; x_wconf 85' lang='lat' dir='ltr'>Vide</span> <span class='ocrx_word' id='word_1_19' title='bbox 1242 616 1367 674; x_wconf 83' lang='lat' dir='ltr'>Ducan-</span> 
     </span>
     <span class='ocr_line' id='line_1_5' title="bbox 250 722 1368 800; baseline 0 -20"><span class='ocrx_word' id='word_1_20' title='bbox 250 722 331 798; x_wconf 84' lang='lat' dir='ltr'>ginm</span> <span class='ocrx_word' id='word_1_21' title='bbox 353 743 382 799; x_wconf 91' lang='lat' dir='ltr'>p.</span> <span class='ocrx_word' id='word_1_22' title='bbox 402 724 463 785; x_wconf 73' lang='lat'>742</span> <span class='ocrx_word' id='word_1_23' title='bbox 483 732 512 782; x_wconf 91' lang='lat' dir='ltr'>et</span> <span class='ocrx_word' id='word_1_24' title='bbox 530 722 654 783; x_wconf 73' lang='lat' dir='ltr'>Coratim</span> <span class='ocrx_word' id='word_1_25' title='bbox 675 726 713 783; x_wconf 87' lang='lat' dir='ltr'>ad</span> <span class='ocrx_word' id='word_1_26' title='bbox 733 723 1030 800; x_wconf 84' lang='lat' dir='ltr'>Ptnehoprodromum</span> <span class='ocrx_word' id='word_1_27' title='bbox 1049 742 1079 798; x_wconf 89' lang='lat' dir='ltr'>p.</span> <span class='ocrx_word' id='word_1_28' title='bbox 1100 722 1161 782; x_wconf 74' lang='lat'>324</span> <span class='ocrx_word' id='word_1_29' title='bbox 1174 741 1234 798; x_wconf 85' lang='lat' dir='ltr'>seq.</span> <span class='ocrx_word' id='word_1_30' title='bbox 1260 722 1311 797; x_wconf 88' lang='lat' dir='ltr'>qui</span> <span class='ocrx_word' id='word_1_31' title='bbox 1332 723 1368 780; x_wconf 89' lang='lat' dir='ltr'>iu</span> 
     </span>
     <span class='ocr_line' id='line_1_6' title="bbox 249 828 1367 910; baseline 0.001 -23"><span class='ocrx_word' id='word_1_32' title='bbox 249 829 305 889; x_wconf 84' lang='lat' dir='ltr'>hoe</span> <span class='ocrx_word' id='word_1_33' title='bbox 326 830 446 904; x_wconf 84' lang='lat' dir='ltr'>fallitur,</span> <span class='ocrx_word' id='word_1_34' title='bbox 473 831 551 906; x_wconf 88' lang='lat' dir='ltr'>quod</span> <span class='ocrx_word' id='word_1_35' title='bbox 576 833 763 910; x_wconf 84' lang='lat' dir='ltr'>Dueangium</span> <span class='ocrx_word' id='word_1_36' title='bbox 790 830 862 889; x_wconf 85' lang='lat' dir='ltr'>istas</span> <span class='ocrx_word' id='word_1_37' title='bbox 888 847 974 890; x_wconf 82' lang='lat' dir='ltr'>voees</span> <span class='ocrx_word' id='word_1_38' title='bbox 1002 828 1186 906; x_wconf 77' lang='lat' dir='ltr'>praeteriisse</span> <span class='ocrx_word' id='word_1_39' title='bbox 1207 829 1367 888; x_wconf 83' lang='lat' dir='ltr'>existimat.</span> 
     </span>
     <span class='ocr_line' id='line_1_7' title="bbox 249 932 1367 1019; baseline -0.001 -23"><span class='ocrx_word' id='word_1_40' title='bbox 249 937 297 996; x_wconf 88' lang='lat' dir='ltr'>Ita</span> <span class='ocrx_word' id='word_1_41' title='bbox 317 937 468 996; x_wconf 88' lang='lat' dir='ltr'>enimait:</span> <span class='ocrx_word' id='word_1_42' title='bbox 492 933 692 1019; x_wconf 82' lang='grc' dir='ltr'><strong>ἐπαράδραμε</strong></span> <span class='ocrx_word' id='word_1_43' title='bbox 711 935 745 996; x_wconf 81' lang='grc' dir='ltr'>τὸ</span> <span class='ocrx_word' id='word_1_44' title='bbox 766 934 932 1019; x_wconf 82' lang='grc' dir='ltr'><strong>κυυρτέσης</strong></span> <span class='ocrx_word' id='word_1_45' title='bbox 955 932 1171 1015; x_wconf 72' lang='grc' dir='ltr'><strong>ὁΔουκάγγιος</strong></span> <span class='ocrx_word' id='word_1_46' title='bbox 1187 934 1367 1015; x_wconf 63' lang='lat' dir='ltr'>oppetebant&lt;</span> 
     </span>
     <span class='ocr_line' id='line_1_8' title="bbox 251 1037 1366 1125; baseline 0.002 -23"><span class='ocrx_word' id='word_1_47' title='bbox 251 1041 295 1108; x_wconf 81' lang='grc' dir='ltr'>εἰς</span> <span class='ocrx_word' id='word_1_48' title='bbox 317 1041 351 1103; x_wconf 84' lang='grc' dir='ltr'>τὸ</span> <span class='ocrx_word' id='word_1_49' title='bbox 375 1039 492 1110; x_wconf 79' lang='grc' dir='ltr'><strong>λεξικόν</strong></span> <span class='ocrx_word' id='word_1_50' title='bbox 514 1064 567 1103; x_wconf 87' lang='grc' dir='ltr'>του</span> <span class='ocrx_word' id='word_1_51' title='bbox 592 1040 684 1124; x_wconf 67' lang='grc' dir='ltr'><strong>μόνον</strong></span> <span class='ocrx_word' id='word_1_52' title='bbox 714 1043 748 1104; x_wconf 82' lang='grc' dir='ltr'>τὸ</span> <span class='ocrx_word' id='word_1_53' title='bbox 771 1040 884 1125; x_wconf 80' lang='grc' dir='ltr'>κοὺρτη</span> <span class='ocrx_word' id='word_1_54' title='bbox 907 1042 1015 1123; x_wconf 85' lang='lat' dir='ltr'>(nour),</span> <span class='ocrx_word' id='word_1_55' title='bbox 1044 1039 1174 1122; x_wconf 76' lang='grc' dir='ltr'>σύνηθες</span> <span class='ocrx_word' id='word_1_56' title='bbox 1195 1037 1294 1122; x_wconf 82' lang='grc' dir='ltr'><strong>ὄνομα</strong></span> <span class='ocrx_word' id='word_1_57' title='bbox 1313 1042 1366 1104; x_wconf 77' lang='grc' dir='ltr'>καὶ</span> 
     </span>
     <span class='ocr_line' id='line_1_9' title="bbox 251 1147 803 1231; baseline 0.004 -22"><span class='ocrx_word' id='word_1_58' title='bbox 251 1151 340 1210; x_wconf 80' lang='grc' dir='ltr'><strong>τοῦτο</strong></span> <span class='ocrx_word' id='word_1_59' title='bbox 367 1148 410 1216; x_wconf 83' lang='grc' dir='ltr'>εἰς</span> <span class='ocrx_word' id='word_1_60' title='bbox 428 1147 500 1215; x_wconf 79' lang='grc' dir='ltr'><strong>τοὺς</strong></span> <span class='ocrx_word' id='word_1_61' title='bbox 520 1147 803 1231; x_wconf 82' lang='grc' dir='ltr'><strong>Γραικορωμαίους.</strong></span> 
     </span>
    </p>

    <p class='ocr_par' dir='ltr' id='par_1_4' title="bbox 251 1254 1367 1444">
     <span class='ocr_line' id='line_1_10' title="bbox 334 1254 1367 1339; baseline 0.002 -23"><span class='ocrx_word' id='word_1_62' title='bbox 334 1258 374 1316; x_wconf 92' lang='lat' dir='ltr'>V.</span> <span class='ocrx_word' id='word_1_63' title='bbox 399 1258 467 1316; x_wconf 88' lang='grc'><strong>101.</strong></span> <span class='ocrx_word' id='word_1_64' title='bbox 510 1254 619 1339; x_wconf 74' lang='lat' dir='ltr'>nepa]</span> <span class='ocrx_word' id='word_1_65' title='bbox 650 1259 735 1317; x_wconf 89' lang='lat' dir='ltr'>metri</span> <span class='ocrx_word' id='word_1_66' title='bbox 758 1259 853 1335; x_wconf 86' lang='lat' dir='ltr'>gratia</span> <span class='ocrx_word' id='word_1_67' title='bbox 877 1257 999 1335; x_wconf 83' lang='lat' dir='ltr'>vulgavi</span> <span class='ocrx_word' id='word_1_68' title='bbox 1018 1276 1072 1333; x_wconf 89' lang='lat' dir='ltr'>pro</span> <span class='ocrx_word' id='word_1_69' title='bbox 1092 1255 1198 1316; x_wconf 85' lang='lat' dir='ltr'>nodinis</span> <span class='ocrx_word' id='word_1_70' title='bbox 1221 1257 1367 1334; x_wconf 83' lang='lat' dir='ltr'>scriptura</span> 
     </span>
     <span class='ocr_line' id='line_1_11' title="bbox 251 1359 1282 1444; baseline 0.003 -23"><span class='ocrx_word' id='word_1_71' title='bbox 251 1359 375 1444; x_wconf 84' lang='grc' dir='ltr'><strong>θεωρῶ.</strong></span> <span class='ocrx_word' id='word_1_72' title='bbox 420 1364 498 1424; x_wconf 87' lang='lat' dir='ltr'>Vide</span> <span class='ocrx_word' id='word_1_73' title='bbox 516 1365 652 1441; x_wconf 74' lang='lat' dir='ltr'>Dueang.</span> <span class='ocrx_word' id='word_1_74' title='bbox 673 1385 701 1442; x_wconf 91' lang='lat' dir='ltr'>p.</span> <span class='ocrx_word' id='word_1_75' title='bbox 722 1366 783 1425; x_wconf 70' lang='lat'>504</span> <span class='ocrx_word' id='word_1_76' title='bbox 806 1374 835 1424; x_wconf 91' lang='lat' dir='ltr'>et</span> <span class='ocrx_word' id='word_1_77' title='bbox 855 1385 909 1424; x_wconf 84' lang='lat' dir='ltr'>noa</span> <span class='ocrx_word' id='word_1_78' title='bbox 930 1366 968 1423; x_wconf 90' lang='lat' dir='ltr'>ad</span> <span class='ocrx_word' id='word_1_79' title='bbox 985 1365 1071 1432; x_wconf 88' lang='lat' dir='ltr'>Dem.</span> <span class='ocrx_word' id='word_1_80' title='bbox 1092 1363 1162 1422; x_wconf 87' lang='lat' dir='ltr'>Zen.</span> <span class='ocrx_word' id='word_1_81' title='bbox 1181 1382 1210 1439; x_wconf 89' lang='lat' dir='ltr'>p.</span> <span class='ocrx_word' id='word_1_82' title='bbox 1230 1366 1282 1424; x_wconf 82' lang='lat'>88.</span> 
     </span>
    </p>

    <p class='ocr_par' dir='ltr' id='par_1_5' title="bbox 250 1470 1364 1872">
     <span class='ocr_line' id='line_1_12' title="bbox 335 1470 1359 1548; baseline 0.001 -18"><span class='ocrx_word' id='word_1_83' title='bbox 335 1471 374 1530; x_wconf 90' lang='lat' dir='ltr'>V.</span> <span class='ocrx_word' id='word_1_84' title='bbox 400 1472 469 1530; x_wconf 84' lang='grc'><strong>102.</strong></span> <span class='ocrx_word' id='word_1_85' title='bbox 510 1491 540 1530; x_wconf 89' lang='grc' dir='ltr'>κι</span> <span class='ocrx_word' id='word_1_86' title='bbox 562 1470 592 1548; x_wconf 84' lang='grc' dir='ltr'>ὁ]</span> <span class='ocrx_word' id='word_1_87' title='bbox 615 1472 734 1546; x_wconf 78' lang='lat' dir='ltr'>seripsi3</span> <span class='ocrx_word' id='word_1_88' title='bbox 756 1470 806 1530; x_wconf 78' lang='grc' dir='ltr'>καὶ</span> <span class='ocrx_word' id='word_1_89' title='bbox 827 1471 842 1531; x_wconf 83' lang='grc' dir='ltr'>ὁ</span> <span class='ocrx_word' id='word_1_90' title='bbox 862 1473 937 1532; x_wconf 89' lang='lat' dir='ltr'>liber</span> <span class='ocrx_word' id='word_1_91' title='bbox 950 1470 1175 1546; x_wconf 80' lang='lat' dir='ltr'>manuscriptus.</span> <span class='ocrx_word' id='word_1_92' title='bbox 1209 1470 1269 1531; x_wconf 87' lang='lat' dir='ltr'>Sed</span> <span class='ocrx_word' id='word_1_93' title='bbox 1290 1474 1359 1532; x_wconf 86' lang='lat' dir='ltr'>illud</span> 
     </span>
     <span class='ocr_line' id='line_1_13' title="bbox 251 1550 1364 1656; baseline 0.006 -22"><span class='ocrx_word' id='word_1_94' title='bbox 251 1595 291 1647; x_wconf 83' lang='grc' dir='ltr'><strong>ιιι,</strong></span> <span class='ocrx_word' id='word_1_95' title='bbox 306 1579 383 1652; x_wconf 91' lang='lat' dir='ltr'>quod</span> <span class='ocrx_word' id='word_1_96' title='bbox 402 1596 456 1652; x_wconf 89' lang='lat' dir='ltr'>pro</span> <span class='ocrx_word' id='word_1_97' title='bbox 471 1575 521 1636; x_wconf 82' lang='grc' dir='ltr'>καὶ</span> <span class='ocrx_word' id='word_1_98' title='bbox 539 1550 709 1654; x_wconf 53' lang='grc' dir='ltr'>ἧυίαεεοοε</span> <span class='ocrx_word' id='word_1_99' title='bbox 728 1578 843 1656; x_wconf 83' lang='lat' dir='ltr'>legibus</span> <span class='ocrx_word' id='word_1_100' title='bbox 863 1576 1067 1638; x_wconf 85' lang='lat' dir='ltr'>eonvenienter</span> <span class='ocrx_word' id='word_1_101' title='bbox 1086 1580 1260 1638; x_wconf 77' lang='lat' dir='ltr'>renuntiares</span> <span class='ocrx_word' id='word_1_102' title='bbox 1279 1601 1364 1640; x_wconf 86' lang='lat' dir='ltr'>usur-</span> 
     </span>
     <span class='ocr_line' id='line_1_14' title="bbox 250 1683 1362 1764; baseline 0.005 -22"><span class='ocrx_word' id='word_1_103' title='bbox 250 1691 331 1758; x_wconf 85' lang='lat' dir='ltr'>pant,</span> <span class='ocrx_word' id='word_1_104' title='bbox 352 1683 500 1744; x_wconf 82' lang='lat' dir='ltr'>veteribus</span> <span class='ocrx_word' id='word_1_105' title='bbox 519 1705 577 1744; x_wconf 89' lang='lat' dir='ltr'>non</span> <span class='ocrx_word' id='word_1_106' title='bbox 589 1683 666 1750; x_wconf 64' lang='lat' dir='ltr'>„erat</span> <span class='ocrx_word' id='word_1_107' title='bbox 686 1687 829 1763; x_wconf 82' lang='lat' dir='ltr'>ignotum.</span> <span class='ocrx_word' id='word_1_108' title='bbox 855 1687 932 1745; x_wconf 88' lang='lat' dir='ltr'>Vide</span> <span class='ocrx_word' id='word_1_109' title='bbox 950 1686 1167 1764; x_wconf 84' lang='lat' dir='ltr'>inseriptionem</span> <span class='ocrx_word' id='word_1_110' title='bbox 1187 1685 1362 1764; x_wconf 73' lang='lat' dir='ltr'><strong>Spartanam</strong></span> 
     </span>
     <span class='ocr_line' id='line_1_15' title="bbox 251 1791 1364 1872; baseline 0.006 -23"><span class='ocrx_word' id='word_1_111' title='bbox 251 1792 331 1866; x_wconf 90' lang='lat' dir='ltr'>apud</span> <span class='ocrx_word' id='word_1_112' title='bbox 359 1792 537 1852; x_wconf 85' lang='lat' dir='ltr'>Boeckhium</span> <span class='ocrx_word' id='word_1_113' title='bbox 561 1813 590 1851; x_wconf 91' lang='lat' dir='ltr'>n.</span> <span class='ocrx_word' id='word_1_114' title='bbox 616 1793 705 1852; x_wconf 69' lang='lat'><strong>1249.</strong></span> <span class='ocrx_word' id='word_1_115' title='bbox 730 1795 773 1867; x_wconf 86' lang='lat' dir='ltr'>II,</span> <span class='ocrx_word' id='word_1_116' title='bbox 799 1795 847 1854; x_wconf 87' lang='grc'><strong>17.</strong></span> <span class='ocrx_word' id='word_1_117' title='bbox 905 1795 984 1852; x_wconf 87' lang='lat' dir='ltr'>Nam</span> <span class='ocrx_word' id='word_1_118' title='bbox 1011 1791 1046 1852; x_wconf 83' lang='grc' dir='ltr'>κὲ</span> <span class='ocrx_word' id='word_1_119' title='bbox 1070 1813 1124 1869; x_wconf 87' lang='lat' dir='ltr'>pro</span> <span class='ocrx_word' id='word_1_120' title='bbox 1148 1793 1199 1853; x_wconf 85' lang='grc' dir='ltr'>καὶ</span> <span class='ocrx_word' id='word_1_121' title='bbox 1223 1797 1364 1872; x_wconf 86' lang='lat' dir='ltr'>seriptum</span> 
     </span>
    </p>
   </div>
   <div class='ocr_carea' id='block_1_4' title="bbox 237 1884 1432 1977">
    <p class='ocr_par' dir='ltr' id='par_1_6' title="bbox 237 1884 1432 1977">
     <span class='ocr_line' id='line_1_16' title="bbox 237 1884 1432 1977; baseline 0.005 -22"><span class='ocrx_word' id='word_1_122' title='bbox 237 1885 320 1956; x_wconf 82' lang='lat' dir='ltr'>ibid.</span> <span class='ocrx_word' id='word_1_123' title='bbox 346 1919 374 1976; x_wconf 90' lang='lat' dir='ltr'>p.</span> <span class='ocrx_word' id='word_1_124' title='bbox 396 1901 498 1960; x_wconf 82' lang='grc'><strong>5561).</strong></span> <span class='ocrx_word' id='word_1_125' title='bbox 527 1921 556 1977; x_wconf 91' lang='lat' dir='ltr'>p.</span> <span class='ocrx_word' id='word_1_126' title='bbox 578 1901 750 1960; x_wconf 76' lang='lat' dir='ltr'>ttae-b.</span> <span class='ocrx_word' id='word_1_127' title='bbox 777 1920 836 1958; x_wconf 90' lang='lat' dir='ltr'>non</span> <span class='ocrx_word' id='word_1_128' title='bbox 863 1902 1010 1976; x_wconf 86' lang='lat' dir='ltr'>estquod</span> <span class='ocrx_word' id='word_1_129' title='bbox 1029 1900 1077 1958; x_wconf 83' lang='lat' dir='ltr'>hie</span> <span class='ocrx_word' id='word_1_130' title='bbox 1097 1884 1362 1962; x_wconf 70' lang='lat' dir='ltr'>commemoremus.</span> <span class='ocrx_word' id='word_1_131' title='bbox 1426 1919 1432 1926; x_wconf 85' lang='lat'>·</span> 
     </span>
    </p>
   </div>
   <div class='ocr_carea' id='block_1_5' title="bbox 248 2003 1364 4333">
    <p class='ocr_par' dir='ltr' id='par_1_7' title="bbox 248 2003 1364 4333">
     <span class='ocr_line' id='line_1_17' title="bbox 250 2003 1364 2086; baseline 0.007 -24"><span class='ocrx_word' id='word_1_132' title='bbox 250 2003 330 2064; x_wconf 91' lang='lat' dir='ltr'>Illud</span> <span class='ocrx_word' id='word_1_133' title='bbox 351 2026 422 2065; x_wconf 85' lang='lat' dir='ltr'>vero</span> <span class='ocrx_word' id='word_1_134' title='bbox 443 2007 585 2083; x_wconf 80' lang='lat' dir='ltr'>imprimis</span> <span class='ocrx_word' id='word_1_135' title='bbox 608 2006 765 2064; x_wconf 85' lang='lat' dir='ltr'>notandum</span> <span class='ocrx_word' id='word_1_136' title='bbox 788 2007 866 2082; x_wconf 91' lang='lat' dir='ltr'>quod</span> <span class='ocrx_word' id='word_1_137' title='bbox 887 2007 959 2066; x_wconf 82' lang='lat' dir='ltr'>viris</span> <span class='ocrx_word' id='word_1_138' title='bbox 977 2008 1069 2066; x_wconf 81' lang='lat' dir='ltr'>doctis</span> <span class='ocrx_word' id='word_1_139' title='bbox 1082 2009 1221 2084; x_wconf 78' lang='lat' dir='ltr'>vulgares</span> <span class='ocrx_word' id='word_1_140' title='bbox 1243 2008 1364 2086; x_wconf 79' lang='lat' dir='ltr'>scripto·</span> 
     </span>
     <span class='ocr_line' id='line_1_18' title="bbox 250 2112 1363 2192; baseline 0.005 -24"><span class='ocrx_word' id='word_1_141' title='bbox 250 2129 298 2170; x_wconf 82' lang='lat' dir='ltr'>res</span> <span class='ocrx_word' id='word_1_142' title='bbox 316 2113 507 2172; x_wconf 69' lang='lat' dir='ltr'>mactantibus</span> <span class='ocrx_word' id='word_1_143' title='bbox 529 2112 685 2189; x_wconf 85' lang='lat' dir='ltr'>aliquando</span> <span class='ocrx_word' id='word_1_144' title='bbox 702 2112 797 2172; x_wconf 86' lang='lat' dir='ltr'>srandi</span> <span class='ocrx_word' id='word_1_145' title='bbox 816 2114 881 2187; x_wconf 83' lang='lat' dir='ltr'>fuit,</span> <span class='ocrx_word' id='word_1_146' title='bbox 901 2112 953 2174; x_wconf 87' lang='grc' dir='ltr'>καὶ</span> <span class='ocrx_word' id='word_1_147' title='bbox 970 2113 1087 2192; x_wconf 81' lang='lat' dir='ltr'>saepius</span> <span class='ocrx_word' id='word_1_148' title='bbox 1109 2134 1198 2190; x_wconf 88' lang='lat' dir='ltr'>qnam</span> <span class='ocrx_word' id='word_1_149' title='bbox 1218 2116 1249 2174; x_wconf 90' lang='lat' dir='ltr'>in</span> <span class='ocrx_word' id='word_1_150' title='bbox 1269 2117 1363 2176; x_wconf 86' lang='lat' dir='ltr'>veteri</span> 
     </span>
     <span class='ocr_line' id='line_1_19' title="bbox 251 2220 1361 2298; baseline 0.004 -18"><span class='ocrx_word' id='word_1_151' title='bbox 251 2236 384 2280; x_wconf 79' lang='lat' dir='ltr'>samone</span> <span class='ocrx_word' id='word_1_152' title='bbox 411 2221 552 2298; x_wconf 85' lang='lat' dir='ltr'>eontingit</span> <span class='ocrx_word' id='word_1_153' title='bbox 580 2241 600 2280; x_wconf 85' lang='lat' dir='ltr'>a</span> <span class='ocrx_word' id='word_1_154' title='bbox 624 2221 831 2281; x_wconf 85' lang='lat' dir='ltr'>reeentioribns</span> <span class='ocrx_word' id='word_1_155' title='bbox 856 2220 978 2282; x_wconf 82' lang='lat' dir='ltr'>Graecia</span> <span class='ocrx_word' id='word_1_156' title='bbox 999 2222 1182 2282; x_wconf 75' lang='lat' dir='ltr'>membratim</span> <span class='ocrx_word' id='word_1_157' title='bbox 1200 2223 1361 2284; x_wconf 82' lang='lat' dir='ltr'>dieentibus</span> 
     </span>
     <span class='ocr_line' id='line_1_20' title="bbox 251 2307 1363 2407; baseline 0.004 -21"><span class='ocrx_word' id='word_1_158' title='bbox 251 2329 289 2396; x_wconf 87' lang='lat' dir='ltr'>ad</span> <span class='ocrx_word' id='word_1_159' title='bbox 308 2328 492 2406; x_wconf 83' lang='lat' dir='ltr'>vinciendum</span> <span class='ocrx_word' id='word_1_160' title='bbox 512 2329 671 2387; x_wconf 87' lang='lat' dir='ltr'>orationem</span> <span class='ocrx_word' id='word_1_161' title='bbox 689 2307 821 2387; x_wconf 78' lang='lat' dir='ltr'>adhiberi</span> <span class='ocrx_word' id='word_1_162' title='bbox 843 2327 969 2406; x_wconf 91' lang='lat' dir='ltr'>ideoque</span> <span class='ocrx_word' id='word_1_163' title='bbox 986 2330 1062 2388; x_wconf 85' lang='lat' dir='ltr'>hane</span> <span class='ocrx_word' id='word_1_164' title='bbox 1082 2329 1253 2405; x_wconf 77' lang='lat' dir='ltr'>particulam</span> <span class='ocrx_word' id='word_1_165' title='bbox 1270 2332 1363 2407; x_wconf 84' lang='lat' dir='ltr'>vulgo</span> 
     </span>
     <span class='ocr_line' id='line_1_21' title="bbox 250 2432 1362 2514; baseline 0.003 -22"><span class='ocrx_word' id='word_1_166' title='bbox 250 2434 282 2492; x_wconf 91' lang='lat' dir='ltr'>in</span> <span class='ocrx_word' id='word_1_167' title='bbox 307 2432 494 2514; x_wconf 80' lang='grc' dir='ltr'><strong>πολυοήμων</strong></span> <span class='ocrx_word' id='word_1_168' title='bbox 515 2452 636 2494; x_wconf 92' lang='lat' dir='ltr'>numero</span> <span class='ocrx_word' id='word_1_169' title='bbox 657 2435 736 2512; x_wconf 87' lang='lat' dir='ltr'>poni.</span> <span class='ocrx_word' id='word_1_170' title='bbox 771 2436 852 2494; x_wconf 84' lang='lat' dir='ltr'>Nam</span> <span class='ocrx_word' id='word_1_171' title='bbox 870 2437 984 2496; x_wconf 88' lang='lat' dir='ltr'>duobus</span> <span class='ocrx_word' id='word_1_172' title='bbox 1003 2437 1101 2496; x_wconf 88' lang='lat' dir='ltr'>verbis</span> <span class='ocrx_word' id='word_1_173' title='bbox 1121 2436 1290 2512; x_wconf 85' lang='lat' dir='ltr'>interposita</span> <span class='ocrx_word' id='word_1_174' title='bbox 1308 2458 1362 2514; x_wconf 87' lang='lat' dir='ltr'>po·</span> 
     </span>
     <span class='ocr_line' id='line_1_22' title="bbox 251 2539 1360 2622; baseline 0.005 -24"><span class='ocrx_word' id='word_1_175' title='bbox 251 2539 363 2599; x_wconf 75' lang='lat' dir='ltr'>nteriori</span> <span class='ocrx_word' id='word_1_176' title='bbox 382 2539 527 2600; x_wconf 86' lang='lat' dir='ltr'>interdum</span> <span class='ocrx_word' id='word_1_177' title='bbox 543 2542 689 2619; x_wconf 78' lang='lat' dir='ltr'>participii</span> <span class='ocrx_word' id='word_1_178' title='bbox 707 2543 766 2601; x_wconf 86' lang='lat' dir='ltr'>vim</span> <span class='ocrx_word' id='word_1_179' title='bbox 784 2543 895 2602; x_wconf 87' lang='lat' dir='ltr'>tribuit.</span> <span class='ocrx_word' id='word_1_180' title='bbox 928 2544 1104 2622; x_wconf 85' lang='lat' dir='ltr'>Anonymus</span> <span class='ocrx_word' id='word_1_181' title='bbox 1128 2545 1164 2603; x_wconf 90' lang='lat' dir='ltr'>de</span> <span class='ocrx_word' id='word_1_182' title='bbox 1180 2543 1360 2603; x_wconf 88' lang='lat' dir='ltr'>Belthendro</span> 
     </span>
     <span class='ocr_line' id='line_1_23' title="bbox 251 2645 1322 2729; baseline 0.005 -25"><span class='ocrx_word' id='word_1_183' title='bbox 251 2655 281 2704; x_wconf 89' lang='lat' dir='ltr'>et</span> <span class='ocrx_word' id='word_1_184' title='bbox 299 2645 482 2724; x_wconf 78' lang='lat' dir='ltr'>Chrysantze</span> <span class='ocrx_word' id='word_1_185' title='bbox 502 2668 549 2724; x_wconf 89' lang='lat' dir='ltr'>ap.</span> <span class='ocrx_word' id='word_1_186' title='bbox 569 2648 692 2709; x_wconf 79' lang='lat' dir='ltr'>Coratim</span> <span class='ocrx_word' id='word_1_187' title='bbox 708 2645 829 2710; x_wconf 82' lang='grc' dir='ltr'><strong>Ἀτακτ.</strong></span> <span class='ocrx_word' id='word_1_188' title='bbox 850 2652 931 2729; x_wconf 90' lang='lat' dir='ltr'>Hp.</span> <span class='ocrx_word' id='word_1_189' title='bbox 953 2653 1030 2712; x_wconf 71' lang='lat'>1632</span> <span class='ocrx_word' id='word_1_190' title='bbox 1319 2655 1322 2660; x_wconf 88' lang='lat'>&#39;</span> 
     </span>
     <span class='ocr_line' id='line_1_24' title="bbox 337 2750 1356 2838; baseline 0.002 -24"><span class='ocrx_word' id='word_1_191' title='bbox 337 2750 497 2835; x_wconf 79' lang='grc' dir='ltr'><strong>Θωρυῦοιν</strong></span> <span class='ocrx_word' id='word_1_192' title='bbox 521 2755 629 2814; x_wconf 87' lang='grc' dir='ltr'><strong>πλοῖον</strong></span> <span class='ocrx_word' id='word_1_193' title='bbox 658 2753 689 2815; x_wconf 85' lang='grc' dir='ltr'>κ’</span> <span class='ocrx_word' id='word_1_194' title='bbox 712 2753 861 2837; x_wconf 84' lang='grc' dir='ltr'><strong>ἤρχετον,</strong></span> <span class='ocrx_word' id='word_1_195' title='bbox 890 2757 940 2817; x_wconf 85' lang='grc' dir='ltr'>καὶ</span> <span class='ocrx_word' id='word_1_196' title='bbox 968 2755 1055 2819; x_wconf 78' lang='grc' dir='ltr'><strong>αὐτοὶ</strong></span> <span class='ocrx_word' id='word_1_197' title='bbox 1077 2759 1356 2838; x_wconf 80' lang='grc' dir='ltr'><strong>προςκαρτερυόυιν,</strong></span> 
     </span>
     <span class='ocr_line' id='line_1_25' title="bbox 402 2858 1352 2945; baseline 0.002 -25"><span class='ocrx_word' id='word_1_198' title='bbox 402 2862 473 2941; x_wconf 82' lang='lat' dir='ltr'>(leg.</span> <span class='ocrx_word' id='word_1_199' title='bbox 495 2883 524 2922; x_wconf 86' lang='grc' dir='ltr'>κι</span> <span class='ocrx_word' id='word_1_200' title='bbox 546 2859 648 2940; x_wconf 80' lang='grc' dir='ltr'><strong>αὐτοὶ)</strong></span> <span class='ocrx_word' id='word_1_201' title='bbox 665 2863 715 2922; x_wconf 91' lang='lat' dir='ltr'>i.e.</span> <span class='ocrx_word' id='word_1_202' title='bbox 736 2860 890 2945; x_wconf 68' lang='grc' dir='ltr'>θεωροῦσι</span> <span class='ocrx_word' id='word_1_203' title='bbox 907 2863 1032 2945; x_wconf 81' lang='grc' dir='ltr'><strong>(ὁρῶσι)</strong></span> <span class='ocrx_word' id='word_1_204' title='bbox 1049 2866 1154 2925; x_wconf 84' lang='grc' dir='ltr'><strong>πλοῖον</strong></span> <span class='ocrx_word' id='word_1_205' title='bbox 1177 2858 1352 2944; x_wconf 77' lang='grc' dir='ltr'><strong>ἐρχόμενον.</strong></span> 
     </span>
     <span class='ocr_line' id='line_1_26' title="bbox 251 2943 1024 3046; baseline 0 -16"><span class='ocrx_word' id='word_1_206' title='bbox 251 2968 418 3046; x_wconf 80' lang='lat' dir='ltr'>Stephanus</span> <span class='ocrx_word' id='word_1_207' title='bbox 441 2943 594 3030; x_wconf 66' lang='lat' dir='ltr'>Saehieees</span> <span class='ocrx_word' id='word_1_208' title='bbox 613 2971 651 3028; x_wconf 86' lang='lat' dir='ltr'>ed</span> <span class='ocrx_word' id='word_1_209' title='bbox 669 2971 893 3030; x_wconf 81' lang='lat' dir='ltr'>Phrantzescem</span> <span class='ocrx_word' id='word_1_210' title='bbox 913 2965 1024 3030; x_wconf 86' lang='lat' dir='ltr'>filium:</span> 
     </span>
     <span class='ocr_line' id='line_1_27' title="bbox 332 3073 1304 3161; baseline -0.001 -25"><span class='ocrx_word' id='word_1_211' title='bbox 332 3075 384 3136; x_wconf 77' lang='grc' dir='ltr'>καὶ</span> <span class='ocrx_word' id='word_1_212' title='bbox 406 3075 476 3137; x_wconf 84' lang='grc' dir='ltr'><strong>ὅταν</strong></span> <span class='ocrx_word' id='word_1_213' title='bbox 501 3076 536 3137; x_wconf 78' lang='grc' dir='ltr'>σὲ</span> <span class='ocrx_word' id='word_1_214' title='bbox 554 3075 638 3136; x_wconf 80' lang='grc' dir='ltr'><strong>’δοῦν</strong></span> <span class='ocrx_word' id='word_1_215' title='bbox 661 3075 711 3138; x_wconf 84' lang='grc' dir='ltr'>καὶ</span> <span class='ocrx_word' id='word_1_216' title='bbox 730 3077 893 3158; x_wconf 69' lang='grc' dir='ltr'>περιπατεῖς</span> <span class='ocrx_word' id='word_1_217' title='bbox 912 3075 950 3158; x_wconf 77' lang='grc' dir='ltr'>μὲ</span> <span class='ocrx_word' id='word_1_218' title='bbox 973 3073 1117 3161; x_wconf 76' lang='grc' dir='ltr'>φρόνησιν</span> <span class='ocrx_word' id='word_1_219' title='bbox 1139 3076 1190 3138; x_wconf 88' lang='grc' dir='ltr'>καὶ</span> <span class='ocrx_word' id='word_1_220' title='bbox 1212 3075 1304 3152; x_wconf 73' lang='grc' dir='ltr'><strong>τάξιν,</strong></span> 
     </span>
     <span class='ocr_line' id='line_1_28' title="bbox 400 3179 1232 3266; baseline 0.005 -25"><span class='ocrx_word' id='word_1_221' title='bbox 400 3180 473 3264; x_wconf 81' lang='lat' dir='ltr'>(leg.</span> <span class='ocrx_word' id='word_1_222' title='bbox 494 3204 523 3243; x_wconf 87' lang='grc' dir='ltr'>κι</span> <span class='ocrx_word' id='word_1_223' title='bbox 544 3181 630 3262; x_wconf 80' lang='grc' dir='ltr'><strong>ὅταν)</strong></span> <span class='ocrx_word' id='word_1_224' title='bbox 653 3186 673 3244; x_wconf 93' lang='lat' dir='ltr'>i.</span> <span class='ocrx_word' id='word_1_225' title='bbox 696 3203 720 3242; x_wconf 90' lang='lat' dir='ltr'>e.</span> <span class='ocrx_word' id='word_1_226' title='bbox 743 3181 813 3243; x_wconf 79' lang='grc' dir='ltr'><strong>ὅταν</strong></span> <span class='ocrx_word' id='word_1_227' title='bbox 835 3203 870 3243; x_wconf 82' lang='grc' dir='ltr'>σε</span> <span class='ocrx_word' id='word_1_228' title='bbox 890 3179 980 3244; x_wconf 80' lang='grc' dir='ltr'><strong>ἴδωσι</strong></span> <span class='ocrx_word' id='word_1_229' title='bbox 999 3187 1232 3266; x_wconf 82' lang='grc' dir='ltr'><strong>περιπατοῦντα.</strong></span> 
     </span>
     <span class='ocr_line' id='line_1_29' title="bbox 248 3265 1361 3369; baseline 0.002 -19"><span class='ocrx_word' id='word_1_230' title='bbox 248 3291 467 3369; x_wconf 83' lang='lat' dir='ltr'>Nonnunquam</span> <span class='ocrx_word' id='word_1_231' title='bbox 489 3265 557 3368; x_wconf 60' lang='lat' dir='ltr'>prbd</span> <span class='ocrx_word' id='word_1_232' title='bbox 571 3289 616 3352; x_wconf 78' lang='grc' dir='ltr'>ὅτι</span> <span class='ocrx_word' id='word_1_233' title='bbox 640 3294 689 3352; x_wconf 84' lang='grc' dir='ltr'>νο1</span> <span class='ocrx_word' id='word_1_234' title='bbox 712 3291 754 3356; x_wconf 85' lang='grc' dir='ltr'>ὡς</span> <span class='ocrx_word' id='word_1_235' title='bbox 777 3291 924 3368; x_wconf 80' lang='lat' dir='ltr'>accipitur.</span> <span class='ocrx_word' id='word_1_236' title='bbox 971 3291 1139 3368; x_wconf 84' lang='lat' dir='ltr'>Georgillas</span> <span class='ocrx_word' id='word_1_237' title='bbox 1169 3290 1200 3350; x_wconf 91' lang='lat' dir='ltr'>in</span> <span class='ocrx_word' id='word_1_238' title='bbox 1227 3300 1361 3369; x_wconf 88' lang='lat' dir='ltr'>poemate</span> 
     </span>
     <span class='ocr_line' id='line_1_30' title="bbox 250 3394 988 3479; baseline -0.003 -23"><span class='ocrx_word' id='word_1_239' title='bbox 250 3399 328 3473; x_wconf 89' lang='lat' dir='ltr'>quod</span> <span class='ocrx_word' id='word_1_240' title='bbox 350 3399 384 3458; x_wconf 81' lang='grc' dir='ltr'>τὸ</span> <span class='ocrx_word' id='word_1_241' title='bbox 407 3396 576 3460; x_wconf 82' lang='grc' dir='ltr'><strong>Θανατικὸν</strong></span> <span class='ocrx_word' id='word_1_242' title='bbox 597 3401 649 3479; x_wconf 75' lang='grc' dir='ltr'>τῆς</span> <span class='ocrx_word' id='word_1_243' title='bbox 665 3394 781 3458; x_wconf 80' lang='grc' dir='ltr'><strong>Ῥόδου</strong></span> <span class='ocrx_word' id='word_1_244' title='bbox 803 3399 988 3460; x_wconf 80' lang='lat' dir='ltr'>inscribitur:</span> 
     </span>
     <span class='ocr_line' id='line_1_31' title="bbox 334 3501 1362 3589; baseline 0.004 -26"><span class='ocrx_word' id='word_1_245' title='bbox 334 3503 384 3563; x_wconf 85' lang='grc' dir='ltr'>καὶ</span> <span class='ocrx_word' id='word_1_246' title='bbox 408 3502 448 3584; x_wconf 84' lang='grc' dir='ltr'>μή</span> <span class='ocrx_word' id='word_1_247' title='bbox 479 3525 538 3585; x_wconf 83' lang='grc' dir='ltr'>μου</span> <span class='ocrx_word' id='word_1_248' title='bbox 557 3501 629 3585; x_wconf 62' lang='lat' dir='ltr'>&#39;usic</span> <span class='ocrx_word' id='word_1_249' title='bbox 655 3503 706 3564; x_wconf 83' lang='grc' dir='ltr'>καὶ</span> <span class='ocrx_word' id='word_1_250' title='bbox 742 3505 781 3584; x_wconf 72' lang='grc' dir='ltr'>ζῇ</span> <span class='ocrx_word' id='word_1_251' title='bbox 806 3502 907 3565; x_wconf 84' lang='grc' dir='ltr'><strong>πολλὰ</strong></span> <span class='ocrx_word' id='word_1_252' title='bbox 942 3503 958 3563; x_wconf 84' lang='lat' dir='ltr'>b</span> <span class='ocrx_word' id='word_1_253' title='bbox 989 3504 1144 3572; x_wconf 84' lang='grc' dir='ltr'><strong>οπάταλος</strong></span> <span class='ocrx_word' id='word_1_254' title='bbox 1167 3506 1218 3568; x_wconf 85' lang='grc' dir='ltr'>καὶ</span> <span class='ocrx_word' id='word_1_255' title='bbox 1245 3505 1362 3589; x_wconf 57' lang='lat' dir='ltr'>petrae</span> 
     </span>
     <span class='ocr_line' id='line_1_32' title="bbox 400 3607 1311 3694; baseline 0.003 -24"><span class='ocrx_word' id='word_1_256' title='bbox 400 3611 471 3690; x_wconf 87' lang='lat' dir='ltr'>(leg.</span> <span class='ocrx_word' id='word_1_257' title='bbox 489 3608 632 3694; x_wconf 79' lang='grc' dir='ltr'><strong>χοίφτης),</strong></span> <span class='ocrx_word' id='word_1_258' title='bbox 653 3612 672 3668; x_wconf 90' lang='lat' dir='ltr'>i.</span> <span class='ocrx_word' id='word_1_259' title='bbox 690 3629 715 3670; x_wconf 91' lang='lat' dir='ltr'>e.</span> <span class='ocrx_word' id='word_1_260' title='bbox 735 3610 785 3671; x_wconf 83' lang='grc' dir='ltr'>καὶ</span> <span class='ocrx_word' id='word_1_261' title='bbox 806 3610 846 3693; x_wconf 81' lang='grc' dir='ltr'>μή</span> <span class='ocrx_word' id='word_1_262' title='bbox 872 3630 925 3693; x_wconf 83' lang='grc' dir='ltr'>μοι</span> <span class='ocrx_word' id='word_1_263' title='bbox 950 3607 1038 3692; x_wconf 77' lang='grc' dir='ltr'>εἴπῃς</span> <span class='ocrx_word' id='word_1_264' title='bbox 1061 3613 1103 3678; x_wconf 79' lang='grc' dir='ltr'>ὡς</span> <span class='ocrx_word' id='word_1_265' title='bbox 1126 3615 1165 3694; x_wconf 75' lang='grc' dir='ltr'>ζῇ</span> <span class='ocrx_word' id='word_1_266' title='bbox 1187 3635 1214 3675; x_wconf 84' lang='grc' dir='ltr'><strong>ν.</strong></span> <span class='ocrx_word' id='word_1_267' title='bbox 1236 3633 1262 3672; x_wconf 86' lang='grc' dir='ltr'><strong>τ.</strong></span> <span class='ocrx_word' id='word_1_268' title='bbox 1283 3612 1311 3673; x_wconf 87' lang='grc' dir='ltr'>λ.</span> 
     </span>
     <span class='ocr_line' id='line_1_33' title="bbox 249 3717 889 3796; baseline -0.006 -17"><span class='ocrx_word' id='word_1_269' title='bbox 249 3717 416 3796; x_wconf 79' lang='lat' dir='ltr'>Stephanus</span> <span class='ocrx_word' id='word_1_270' title='bbox 438 3717 591 3778; x_wconf 81' lang='lat' dir='ltr'>Sachleees</span> <span class='ocrx_word' id='word_1_271' title='bbox 614 3719 651 3777; x_wconf 87' lang='lat' dir='ltr'>de</span> <span class='ocrx_word' id='word_1_272' title='bbox 673 3719 803 3778; x_wconf 82' lang='lat' dir='ltr'>custodia</span> <span class='ocrx_word' id='word_1_273' title='bbox 821 3737 889 3776; x_wconf 87' lang='lat' dir='ltr'>sua:</span> 
     </span>
     <span class='ocr_line' id='line_1_34' title="bbox 331 3819 1359 3907; baseline -0.002 -21"><span class='ocrx_word' id='word_1_274' title='bbox 331 3823 445 3886; x_wconf 83' lang='grc' dir='ltr'><strong>Λοιπὸν</strong></span> <span class='ocrx_word' id='word_1_275' title='bbox 468 3821 585 3907; x_wconf 74' lang='grc' dir='ltr'><strong>ἐχάὶλην</strong></span> <span class='ocrx_word' id='word_1_276' title='bbox 606 3822 625 3903; x_wconf 77' lang='grc' dir='ltr'>ἡ</span> <span class='ocrx_word' id='word_1_277' title='bbox 651 3822 738 3905; x_wconf 80' lang='grc' dir='ltr'><strong>φιλία</strong></span> <span class='ocrx_word' id='word_1_278' title='bbox 756 3825 828 3902; x_wconf 84' lang='lat' dir='ltr'>(leg.</span> <span class='ocrx_word' id='word_1_279' title='bbox 841 3819 941 3905; x_wconf 83' lang='grc' dir='ltr'><strong>φιλιὰ)</strong></span> <span class='ocrx_word' id='word_1_280' title='bbox 959 3823 1084 3892; x_wconf 79' lang='grc' dir='ltr'>τελείως</span> <span class='ocrx_word' id='word_1_281' title='bbox 1109 3824 1211 3886; x_wconf 86' lang='grc' dir='ltr'><strong>ἑκτὸν</strong></span> <span class='ocrx_word' id='word_1_282' title='bbox 1234 3821 1359 3903; x_wconf 78' lang='grc' dir='ltr'><strong>κόσμον,</strong></span> 
     </span>
     <span class='ocr_line' id='line_1_35' title="bbox 333 3905 1184 4014; baseline 0 -22"><span class='ocrx_word' id='word_1_283' title='bbox 333 3929 496 4014; x_wconf 81' lang='grc' dir='ltr'><strong>ὲχοίθηκεν,</strong></span> <span class='ocrx_word' id='word_1_284' title='bbox 519 3929 676 4013; x_wconf 83' lang='grc' dir='ltr'>ἐμίοευοεν</span> <span class='ocrx_word' id='word_1_285' title='bbox 700 3929 754 3990; x_wconf 81' lang='grc' dir='ltr'>ἀπ’</span> <span class='ocrx_word' id='word_1_286' title='bbox 780 3928 872 3997; x_wconf 81' lang='grc' dir='ltr'><strong>ὅλους</strong></span> <span class='ocrx_word' id='word_1_287' title='bbox 894 3905 964 3996; x_wconf 64' lang='grc' dir='ltr'>ἷοὺς</span> <span class='ocrx_word' id='word_1_288' title='bbox 986 3929 1184 4014; x_wconf 54' lang='grc' dir='ltr'>ἀνθρώπων</span> 
     </span>
     <span class='ocr_line' id='line_1_36' title="bbox 331 4028 1359 4118; baseline -0.003 -19"><span class='ocrx_word' id='word_1_289' title='bbox 331 4036 381 4099; x_wconf 77' lang='grc' dir='ltr'>καὶ</span> <span class='ocrx_word' id='word_1_290' title='bbox 404 4041 499 4100; x_wconf 83' lang='grc' dir='ltr'><strong>κεῖνοι</strong></span> <span class='ocrx_word' id='word_1_291' title='bbox 525 4038 603 4100; x_wconf 79' lang='grc' dir='ltr'><strong>ὀποῦ</strong></span> <span class='ocrx_word' id='word_1_292' title='bbox 629 4034 872 4118; x_wconf 81' lang='grc' dir='ltr'><strong>κουμπόνουνται</strong></span> <span class='ocrx_word' id='word_1_293' title='bbox 899 4037 949 4100; x_wconf 77' lang='grc' dir='ltr'>καὶ</span> <span class='ocrx_word' id='word_1_294' title='bbox 971 4034 1079 4118; x_wconf 74' lang='grc' dir='ltr'><strong>λέχυυν</strong></span> <span class='ocrx_word' id='word_1_295' title='bbox 1101 4031 1152 4094; x_wconf 84' lang='grc' dir='ltr'>καὶ</span> <span class='ocrx_word' id='word_1_296' title='bbox 1173 4028 1265 4116; x_wconf 84' lang='grc' dir='ltr'><strong>ἔχουν</strong></span> <span class='ocrx_word' id='word_1_297' title='bbox 1286 4035 1359 4116; x_wconf 75' lang='lat' dir='ltr'>(leg.</span> 
     </span>
     <span class='ocr_line' id='line_1_37' title="bbox 399 4139 701 4227; baseline 0.02 -23"><span class='ocrx_word' id='word_1_298' title='bbox 399 4164 429 4204; x_wconf 85' lang='grc' dir='ltr'>κι</span> <span class='ocrx_word' id='word_1_299' title='bbox 452 4139 561 4226; x_wconf 83' lang='grc' dir='ltr'><strong>ἔχουν)</strong></span> <span class='ocrx_word' id='word_1_300' title='bbox 585 4143 701 4227; x_wconf 80' lang='grc' dir='ltr'><strong>φιλυυς,</strong></span> 
     </span>
     <span class='ocr_line' id='line_1_38' title="bbox 257 4224 1186 4333; baseline -0.001 -22"><span class='ocrx_word' id='word_1_301' title='bbox 257 4239 260 4244; x_wconf 63' lang='grc'><strong>’</strong></span> <span class='ocrx_word' id='word_1_302' title='bbox 333 4224 597 4333; x_wconf 43' lang='grc' dir='ltr'><strong>οὐδὲνῖιοιτέχουν</strong></span> <span class='ocrx_word' id='word_1_303' title='bbox 620 4250 751 4327; x_wconf 67' lang='lat' dir='ltr'>eirenae,</span> <span class='ocrx_word' id='word_1_304' title='bbox 770 4247 907 4333; x_wconf 78' lang='grc' dir='ltr'><strong>ἔσφαλεν</strong></span> <span class='ocrx_word' id='word_1_305' title='bbox 930 4247 980 4312; x_wconf 81' lang='grc' dir='ltr'>καὶ</span> <span class='ocrx_word' id='word_1_306' title='bbox 1001 4247 1186 4312; x_wconf 82' lang='grc' dir='ltr'><strong>πλανῶνται.</strong></span> 
     </span>
    </p>
   </div>
   <div class='ocr_carea' id='block_1_6' title="bbox 0 0 1538 5102">
    <p class='ocr_par' dir='ltr' id='par_1_8' title="bbox 0 0 1538 5102">
     <span class='ocr_line' id='line_1_39' title="bbox 0 0 1538 5102; baseline 0 0"><span class='ocrx_word' id='word_1_307' title='bbox 0 0 1538 5102; x_wconf 95' lang='lat' dir='ltr'> </span> 
     </span>
    </p>
   </div>
  </div>
 </body>
</html>
