3066 5102
795 351 815 412 8

731 431 876 441 -α---

252 522 385 582 cordibus
415 526 583 601 nentiquam
608 528 762 602 cogitavit,
786 527 906 597 veritus,
929 527 959 583 ni
977 527 1078 618 fallor,
1106 546 1143 586 ne
1164 549 1228 588 cnm
1250 531 1362 590 librarii

252 630 364 688 mendis
389 632 477 691 simul
501 634 595 710 ipsius
618 633 842 711 chronogrophi
868 633 941 692 vitis
966 635 1090 692 tolleret.
1139 635 1237 710 Quare
1261 657 1362 714 quem·

252 737 407 798 admodum
416 740 584 798 Aristotelis
597 740 628 818 ¹¹)
646 742 735 801 libros
753 743 877 800 servetis
890 742 999 817 ubique
1017 745 1252 802 membranorum
1264 746 1362 804 lectio-

254 844 340 903 nibus
363 848 505 906 ediderat:
534 849 576 906 sie
595 850 683 908 etiem
703 851 804 908 Duene
823 851 974 908 historiam
1002 858 1031 907 et
1053 848 1214 908 chronicon
1236 853 1362 910 Veneto·

253 952 447 1028 Byzantinnm
479 975 517 1013 ne
548 958 682 1016 correctis
712 958 830 1032 quidem
858 957 1018 1033 scripturae
1046 957 1160 1016 mendis
1188 957 1357 1033 divulgavit

253 1059 328 1134 Peg.
348 1061 413 1121 oto
428 1063 550 1138 legitur:
580 1062 695 1145 ἐπῆραν
721 1063 751 1123 οἱ
771 1059 1028 1143 Μουσουλρσννοὶ
1048 1062 1100 1141 τἠν
1125 1060 1361 1142 Θεσσαλονίκην,

255 1167 305 1222 sed
323 1187 352 1242 p.
365 1166 427 1227 520
449 1167 609 1251 παρεδόθη
632 1171 675 1236 εἰς
693 1169 747 1236 τὰς
763 1171 870 1254 χεῖρας
890 1173 949 1259 τῷν
963 1164 1215 1250 Μουσουλμάνων
1236 1167 1256 1249 ἡ
1277 1166 1363 1232 πόλις

254 1275 313 1330 τῶν
333 1271 484 1354 Ἀθηνῶν.
528 1276 625 1350 Quum
646 1289 744 1338 cutem
765 1278 872 1338 Graeci
891 1277 1064 1336 recentiores
1082 1278 1137 1334 hoc
1157 1297 1252 1351 genus
1273 1275 1363 1335 homi-

255 1397 324 1436 nnm
346 1375 612 1462 Μουσουλράνους
632 1388 779 1445 nominare
801 1384 922 1456 soleant,
942 1392 1075 1460 opertum
1096 1392 1155 1455 est,
1174 1383 1300 1458 priorem
1322 1382 1364 1439 lo-

255 1504 320 1544 cum
342 1507 358 1546 e
379 1491 537 1564 posteriorc
556 1493 703 1550 emendari
720 1498 860 1567 oportere.
909 1491 992 1548 Idem
1014 1490 1168 1548 dicendum
1192 1489 1229 1547 de
1251 1491 1365 1547 duobus

255 1593 320 1652 aliis
347 1596 429 1655 locis.
493 1599 566 1674 Peg.
583 1599 656 1671 520,
680 1601 716 1658 12
741 1598 864 1674 legitur:
889 1594 940 1656 καὶ
966 1591 1142 1679 παρέλαβεν
1168 1593 1261 1675 αὐτὴν
1295 1593 1365 1675 μηνὶ

256 1701 348 1790 Μαΐῳ
369 1707 426 1788 κο’,
451 1711 517 1793 ὥρᾳ
537 1709 574 1794 γ’,
598 1718 641 1796 τῷ
660 1702 779 1797 ‘cipio'
803 1707 864 1771 ἔτει
883 1703 1043 1789 νεμήσεως
1065 1704 1090 1768 α’
1112 1709 1163 1768 sed
1179 1729 1209 1787 p.
1229 1708 1301 1780 521,
1324 1710 1364 1768 21

255 1821 298 1903 τῷ
321 1811 442 1904 ,ςῗῆοη
467 1823 528 1887 ἔτει
549 1828 699 1908 νερήσεος
718 1823 747 1906 η’
767 1822 861 1905 ἢλθεν
883 1823 899 1884 ὁ
919 1818 1030 1904 ἀμιρὰς
1048 1843 1075 1884 κ.
1097 1842 1121 1880 τ.
1144 1823 1184 1897 λ.,
1211 1825 1262 1881 ubi
1283 1823 1366 1880 resti-

255 1932 394 1990 tuendum
407 1930 582 2011 ’νεμήσεως.
622 1935 696 2010 Peg.
705 1934 766 2000 523
787 1951 841 2009 pro
859 1929 1021 2010 ἐτζάκησεν
1043 1929 1260 1988 rescribendum
1283 1925 1363 1995 ἐπζοί·

225 2101 229 2107 ‚
257 2055 355 2109 κισεν,
388 2037 494 2116 (utitur
524 2048 620 2097 autem
654 2040 776 2116 scriptor
803 2041 834 2098 in
857 2040 958 2098 eadem
986 2037 1183 2096 enuntiatione
1212 2035 1366 2113 participio

257 2141 467 2224 τζακισρένος)
488 2156 516 2205 et
536 2167 589 2224 pro
611 2144 817 2228 εὐλογήμενος
838 2146 922 2223 (ibid.
934 2166 963 2205 ν.
978 2145 1030 2223 17)
1052 2146 1218 2222 ponendum
1241 2141 1365 2222 εὐλογη·

257 2248 357 2329 μένος.
408 2255 480 2313 Alie
506 2256 579 2316 ratio
606 2265 652 2316 est
679 2275 782 2316 eorum
802 2257 939 2324 locorum,
968 2271 1044 2327 quoe
1063 2255 1169 2313 indicio
1187 2262 1256 2312 sunt
1270 2253 1367 2329 ipsum

256 2361 424 2435 scriptorem
448 2363 581 2421 sibinen
604 2360 776 2420 constitisse.

342 2469 417 2546 Peg.
435 2471 507 2542 516,
528 2471 577 2529 21.
627 2467 678 2528 καὶ
706 2470 746 2548 τῇ
766 2461 813 2527 κα’
834 2467 887 2524 τοῦ
911 2460 1005 2522 αὐτοῦ
1034 2465 1128 2543 μηνὸς
1149 2463 1245 2544 ἦλθον
1268 2465 1312 2530 εἰς
1334 2465 1367 2524 τὸ

257 2571 388 2642 Λέοντος
408 2575 458 2638 καὶ
483 2576 679 2659 ἐπολέρνσαν·
720 2577 817 2636 Erunt
835 2574 957 2634 sortasse
976 2570 1027 2644 qni
1046 2571 1195 2646 corrigent
1217 2566 1367 2650 ἐπολέμη·

261 2703 325 2741 σαν.
382 2685 528 2744 Nimirum
563 2693 680 2744 nostrae
703 2684 805 2770 notetis
833 2680 941 2742 Graeci
971 2697 1084 2754 semper
1112 2676 1258 2758 πολεμῶ,
1294 2695 1369 2734 nnn·

260 2809 348 2866 quam
370 2789 527 2871 πολεμίζω
552 2793 660 2850 dicunt.
710 2789 768 2864 Qui
795 2787 871 2848 enirn
898 2787 1039 2864 petticem
1066 2803 1164 2844 vocem
1193 2779 1367 2859 πολεμίζέιν

258 2897 296 2953 ed
315 2907 443 2956 nostram
461 2899 627 2958 memoriam
647 2904 838 2976 propagatam
859 2913 924 2954 osse
949 2894 1102 2969 opinetur,
1132 2887 1264 2946 similiter
1292 2893 1369 2944 erret

260 3011 347 3079 atque
364 3006 526 3064 Lobeekius
553 3008 651 3065 Poral.
678 3004 809 3064 Gramm.
831 3002 885 3062 Gr.
907 3022 936 3079 p.
955 3002 994 3060 71
1024 3008 1105 3056 ratus
1134 2995 1369 3072 antiquissimum

261 3111 433 3170 vocabulum
463 3111 542 3193 μάρη
574 3115 660 3171 stiam
698 3131 776 3170 nune
807 3111 836 3167 in
869 3109 1049 3169 Graecorum
1079 3123 1212 3162 sermone
1240 3099 1369 3177 reperiri.

109 3299 117 3312 ι
205 3279 209 3290 ,
262 3217 363 3277 Verba
385 3219 448 3294 ejus
467 3229 551 3278 sunt:
571 3239 657 3294 „nam
680 3217 760 3299 μοίρη
780 3215 878 3298 ἡχεὶρ
900 3212 978 3276 κατὰ
1000 3211 1149 3292 Πίνδαρον
1170 3209 1311 3269 Schotlt.
1333 3208 1369 3279 Ο,

265 3328 322 3384 137
347 3335 377 3385 et
398 3330 434 3386 nb
463 3329 519 3387 hoc
546 3329 660 3387 nomine
685 3311 763 3399 duod
784 3324 893 3384 Comes
915 3325 1013 3382 Atcct.
1035 3322 1060 3380 1.
1082 3339 1111 3396 p.
1129 3318 1189 3377 140
1208 3319 1238 3376 in
1261 3317 1371 3376 novitio

263 3432 428 3492 Graecitete
448 3435 606 3510 perdurare
625 3441 764 3504 testetur,
786 3434 876 3508 vulgo
895 3433 985 3488 verbo
1004 3427 1165 3509 μάρπτειν,
1187 3423 1370 3507 μάρνασθαι,

264 3536 410 3620 εὐμαρὴς,
435 3539 593 3621 δυσμαρής
611 3549 741 3617 repetere
764 3541 885 3600 solent.’'
905 3537 1014 3597 Coraes
1033 3545 1130 3595 eutem
1150 3535 1223 3592 h'eec
1243 3532 1372 3608 scripsit:

266 3690 273 3706 .
297 3691 305 3706 .
330 3653 368 3706 .'·
401 3645 461 3707 ἀπὸ
490 3647 523 3707 τὸ
553 3644 710 3725 ἑλληνικλν
738 3645 890 3729 ἄχρηστον
920 3643 1035 3705 ἁπλοῦν
1067 3643 1150 3724 pcipe
1178 3642 1233 3699 τοῦ
1263 3637 1371 3699 ὁποίου

266 3749 334 3834 ἴχνη
360 3755 508 3822 σώζονται
529 3751 572 3819 εἰς
593 3751 627 3813 τὸ
650 3750 794 3814 σύνθετον
807 3749 955 3840 εὐμαρής,
974 3751 1150 3831 συνώνυμον
1164 3750 1218 3808 τοῦ
1232 3743 1372 3828 εὐχερής,

266 3885 466 3900 *1.-

334 3951 361 4015 *)
391 3951 457 4018 μῖξις
481 3952 568 4004 Probi.
593 3953 643 4014 IV,
670 3951 700 4002 15
726 3968 757 4002 sc
779 3955 811 4004 de
831 3952 929 4004 Meliss.
955 3952 1023 4004 Xon.
1050 3958 1077 4002 et
1099 3949 1180 4012 Gorg.
1201 3962 1258 4010 cap.
1276 3945 1299 4007 I,
1329 3945 1373 3994 sed

267 4032 332 4099 μίξις
354 4033 434 4096 Phys.
450 4032 571 4084 Auscult.
583 4033 618 4092 V,
637 4031 652 4081 1
671 4049 696 4097 ρ.
714 4032 773 4095 029,
790 4032 815 4084 0.
835 4035 866 4084 οο
885 4033 980 4085 Gener.
996 4033 1111 4082 Animm.
1129 4028 1165 4080 ΙΙ,
1185 4025 1203 4077 8
1219 4043 1244 4092 p.
1254 4024 1313 4087 748,
1329 4023 1371 4076 33.

267 4115 298 4162 ‘³⁸
315 4110 555 4176 ⁰⁰¹0r·11r·⁷9·2‚
572 4111 614 4163 34.
636 4112 677 4161 vr
696 4111 792 4178 p.799,
810 4111 849 4166 tt.
871 4119 953 4183 prpe
972 4116 1003 4164 ο.
1027 4112 1097 4162 coer.
1116 4109 1153 4171 11,
1172 4107 1196 4161 3.
1215 4107 1259 4158 fin.
1279 4109 1311 4157 oe
1323 4105 1373 4156 oe-

266 4207 320 4246 ner.
343 4193 458 4242 Animm.
476 4192 506 4242 11
528 4208 555 4258 p.
572 4192 632 4255 717,
653 4191 695 4244 05.
723 4193 804 4262 μίγμα
824 4196 895 4246 Auso
923 4193 1005 4256 111‚t
1031 4208 1055 4256 p.
1070 4189 1129 4251 000,
1147 4188 1189 4242 03.
1220 4189 1374 4240 ,Promisere

266 4269 393 4340 γίγνεσθαι
413 4281 439 4324 et
457 4271 569 4340 γίνεσθαι
588 4282 670 4342 etque
687 4277 739 4326 alio
756 4278 836 4341 ponit.
