3066 5102
791 398 941 490 A..

394 576 433 634 V.
454 577 505 638 50.
548 599 578 638 κν
600 575 778 657 ἐπώδυνον]
813 577 929 654 seripsi;
963 576 1013 638 καὶ
1048 575 1204 640 ἐπώδυνον
1242 581 1352 642 Codex.
1382 616 1423 626 —

312 681 371 741 πᾶν
393 679 504 750 adsone
523 660 646 746 ποῖσέτέ
660 686 710 765 το]
732 685 900 757 emendavi;
922 684 1024 744 Codex
1046 683 1082 752 ἃς
1102 684 1213 754 αὔτους
1234 686 1357 749 coisset
1378 709 1423 748 το.

314 787 373 848 see
393 787 438 865 ἂς,
467 795 503 852 de
529 813 588 870 quo
614 795 757 871 particulo
783 801 994 852 commentatus
1021 813 1086 852 sum
1109 796 1147 852 ad
1176 797 1262 856 Dem.
1287 797 1359 854 Zen.
1381 815 1426 856 vs.

314 899 386 971 216,
405 903 459 959 etsi
480 921 537 960 non
555 905 641 962 modo
661 903 832 979 imperantis
853 911 883 960 et
902 902 1084 960 adhortantis
1109 904 1160 960 sed
1182 905 1270 963 etiam
1290 905 1426 980 optantis,

313 1007 454 1083 cupientis
476 1019 505 1067 et
527 1010 708 1068 concedentis
730 1018 784 1082 est,
811 1017 907 1068 tamen
934 1030 993 1069 non
1017 1009 1151 1085 adjicitur
1172 1012 1230 1070 nisi
1248 1013 1350 1089 primis
1369 1021 1426 1070 ter·

313 1115 420 1190 tiisque
447 1119 590 1193 personis,
618 1137 769 1193 nunquam
805 1118 939 1176 secundis
969 1126 1088 1194 excepto
1116 1122 1205 1178 verbo
1236 1121 1426 1179 substantivo.

314 1221 420 1298 Itaque
440 1233 518 1284 recte
539 1227 657 1302 quidem
677 1227 756 1284 dicas
780 1221 816 1290 άς
828 1223 946 1306 γράψῃ,
967 1221 1003 1289 ds
1023 1225 1199 1306 γράψωμεν,
1222 1223 1257 1292 ἃς
1277 1226 1429 1308 γράψουν,
1523 1251 1524 1257 “

315 1349 373 1388 non
399 1332 468 1390 item
495 1329 531 1398 ἂς
554 1333 653 1415 γράψε
683 1333 830 1416 (γράψον)
861 1341 890 1391 ct
919 1328 955 1397 ἂς
981 1331 1113 1414 γράψετε
1142 1332 1317 1414 (γράψατε),
1348 1337 1431 1409 quod

316 1438 484 1514 simpliciter
519 1438 618 1521 γράψε
656 1450 685 1498 et
710 1439 844 1521 γράψειε
875 1440 931 1499 dici
963 1441 1109 1500 convenit.
1156 1441 1257 1500 Unum
1286 1441 1431 1518 excipitur

315 1548 437 1605 verbum
462 1548 688 1606 substantivum.
728 1547 818 1627 ¹Nam
844 1567 935 1623 aeque
964 1550 1038 1606 bene
1067 1547 1172 1606 dicitur
1202 1543 1289 1642 εἰὀορ
1315 1547 1429 1625 πιστός,

317 1649 402 1712 sicile
432 1653 535 1713 πιστοί
559 1663 587 1713 et
619 1650 655 1720 ἂς
673 1651 747 1736 ἧσαι
769 1650 884 1727 πιστός,
911 1650 947 1718 ἃς
965 1649 1043 1734 ἧσθε
1065 1651 1174 1714 πιστοί.
1219 1654 1287 1715 Vid.
1308 1655 1429 1715 Curetim

311 1763 355 1836 ¹ad
373 1762 582 1838 Ptoohoprodr.
601 1782 630 1839 p.
655 1763 705 1822 99.
745 1764 825 1822 Hine
843 1762 1030 1821 manifestum
1048 1769 1092 1820 est
1115 1757 1151 1828 ἂς
1171 1762 1201 1820 in
1223 1763 1297 1822 libro
1319 1763 1423 1822 Vindo-

316 1870 439 1928 bonensi
461 1889 525 1928 esse
547 1879 724 1947 corruptum.

400 1978 440 2036 V.
463 1978 513 2037 52.
557 1977 599 2042 ὡς
627 1974 722 2058 θῆρες
749 1976 881 2058 δράμον]
917 1977 1069 2035 emendavi
1099 1985 1215 2034 secutus
1240 1996 1283 2035 vs.
1307 1977 1360 2046 483
1386 1976 1430 2040 ὡς

317 2081 411 2165 θῆρες
430 2083 560 2164 δράσουν
577 2081 700 2143 Οοά.-
724 2081 799 2163 μετὰ
820 2081 927 2165 δράσι]
947 2084 1075 2154 eorrexi3
1099 2082 1202 2142 Codex
1225 2081 1300 2163 μετὰ
1320 2079 1430 2162 δράσει

317 2193 395 2268 qnod
417 2200 540 2252 nonest
564 2211 710 2268 graecum.
759 2191 865 2268 Neque
892 2192 958 2250 aliis
986 2191 1058 2250 locis
1078 2197 1163 2268 petto
1184 2191 1314 2250 similiter
1333 2191 1431 2250 dicere

318 2320 407 2360 ausus
435 2309 488 2358 est.
535 2299 581 2358 cf.
608 2321 637 2358 v.
667 2301 708 2359 60
741 2297 816 2380 μετὰ
846 2295 1019 2379 θλιμμένου
1045 2295 1170 2379 τρόπου.
1217 2300 1255 2358 V.
1281 2297 1318 2356 91
1352 2295 1430 2378 μετὰ

317 2410 416 2490 χαρᾶς
439 2406 582 2488 μεγάλης.
633 2408 760 2466 Diversa
792 2416 837 2464 est
862 2407 936 2464 ratio
964 2425 1063 2464 eorum
1090 2408 1227 2480 locorum,
1254 2407 1360 2482 quibus
1382 2407 1431 2463 vel
1524 2401 1526 2428 '¹

318 2536 375 2592 quo
396 2517 498 2575 comite
519 2517 566 2574 vel
590 2535 647 2590 quo
664 2515 749 2573 modo
769 2532 817 2572 res
844 2515 943 2589 aliqua
962 2523 1045 2590 gesta
1067 2515 1104 2573 sit
1121 2515 1332 2591 praepositione
1355 2512 1431 2594 μετὰ

318 2625 381 2683 sive
407 2622 445 2704 μὲ
468 2620 604 2704 adjuncto
622 2623 786 2681 accusativo
808 2622 980 2680 declaratur.
1021 2623 1100 2680 Nam
1120 2642 1165 2680 vs.
1184 2622 1351 2682 tes-290
1372 2623 1431 2680 ait:

361 2732 495 2812 ὑπάγοον
518 2729 553 2790 δὲ
574 2729 626 2789 καὶ
649 2726 717 2810 μετ’
744 2726 835 2788 αὐτὸν
855 2725 1002 2810 ἄρχοντες
1022 2727 1222 2811 καβαλλάροι,

360 2835 556 2900 παιδόποολα
569 2836 611 2902 εἰς
626 2835 733 2919 χρείαν
754 2855 807 2894 του
827 2833 942 2916 ἐντάμα
956 2835 1022 2917 μετ’
1042 2835 1166 2896 ἐκεῖνον.
1179 2836 1283 2912 (Bekk.
1298 2832 1426 2908 ἐκεῖνον)

364 2947 402 3030 μὲ
426 2942 609 3028 σοντροφιὰν
632 2941 786 3023 εὐγενικὴν
811 2941 1089 3025 αυντροφιασμένος
1108 2940 1190 3024 ἦτον.

319 3059 463 3119 Ultimum
486 3025 605 3113 versum
627 3052 738 3111 correxi
758 3051 809 3127 qui
828 3054 907 3129 apud
930 3053 1096 3111 Beklrerum
1119 3051 1161 3110 sie
1179 3047 1326 3108 scribitur:

471 3160 509 3242 μὲ
532 3157 724 3243 σοντροφίαν
738 3155 892 3239 εὐγενικὴν
916 3157 1160 3241 συντροφιασμὸς
1182 3153 1266 3236 ἦτον.
1324 3219 1328 3226 ,

319 3273 408 3332 Adde
424 3288 470 3328 vs.
497 3269 594 3329 1085:
621 3266 659 3349 μὲ
682 3266 799 3348 δάκρυα
817 3239 868 3327 rial
893 3264 931 3347 μὲ
956 3260 1161 3349 βροοχιομοδς
1182 3257 1264 3340 λέγει
1283 3257 1358 3340 πρὸς
1378 3257 1429 3318 τὸν

321 3377 384 3440 υἱόν
401 3399 466 3438 του.
496 3377 580 3452 Quod
595 3378 620 3435 si
633 3377 706 3452 quis*
716 3349 814 3436 secum
829 3376 1017 3451 reputaverit,
1028 3372 1106 3449 apud
1121 3370 1294 3448 posteriores
1310 3367 1429 3442 scripto·

319 3507 366 3548 res
388 3487 517 3547 Graecos
537 3485 677 3562 quaedam
699 3485 824 3543 inveniri
841 3492 1008 3541 neutrorum
1029 3480 1060 3536 in
1080 3498 1113 3536 os
1132 3477 1325 3537 desinentium
1339 3474 1431 3531 demi·

318 3597 430 3669 nutiva,
443 3604 476 3653 ut
498 3591 624 3675 ἐδάφιον
639 3595 676 3650 ab
696 3588 813 3674 ἔδαφος
831 3592 986 3650 formatum
1000 3587 1159 3666 eodemque
1173 3586 1258 3643 modo
1271 3584 1303 3640 in
1318 3582 1431 3639 novitia

320 3705 486 3765 Graecitate
504 3721 597 3780 pauca
618 3701 735 3760 nomina
761 3701 842 3758 velut
865 3692 931 3779 βέλι
952 3703 980 3752 et
998 3689 1052 3774 ἤδι
1073 3694 1094 3754 i.
1118 3713 1142 3751 ο.
1168 3689 1268 3775 βέλιον
1292 3698 1321 3748 et
1338 3685 1428 3768 ἥδιον

319 3815 368 3893 (cf.
395 3815 492 3870 adnot.
517 3811 554 3868 ad
582 3805 887 3867 Dem.Zen.v.105
916 3800 967 3861 καὶ
988 3798 1056 3860 τότε
1081 3800 1096 3860 ὁ
1125 3795 1319 3878 deotpato<
1342 3793 1381 3872 μὲ
1400 3792 1429 3854 τ’

319 3917 457 4002 ἄμορφόν
486 3937 539 3978 τοο
563 3913 630 3997 title)
656 3918 723 3974 ficta
748 3933 822 3987 esse„
847 3910 1021 3987 intelligitur
1046 3929 1105 3969 non
1137 3903 1213 3986 μετὰ
1236 3899 1354 3980 θράσει,
1378 3903 1431 3960 sed

320 4025 395 4110 μετὰ
422 4025 513 4106 θράοι
545 4024 605 4098 legi
639 4029 779 4098 oportere.
835 4019 1096 4080 Verumenimvero
1128 4016 1182 4070 hoc
1213 4005 1305 4089 θράοι
1334 4011 1431 4085 specie
1504 4096 1507 4109 .

317 4145 440 4207 tantum,
458 4153 516 4192 non
544 4152 576 4190 re
606 4132 670 4206 ipsa
696 4127 906 4188 deminutivum
937 4135 989 4184 est.
1036 4125 1116 4182 Nam
1142 4117 1227 4176 facile
1254 4117 1358 4175 adduci
1377 4136 1429 4191 po·

317 4245 409 4302 tuisse
427 4249 551 4317 poetam,
578 4249 612 4298 ut
635 4239 690 4295 hoc
717 4236 833 4294 nomine
862 4243 1000 4305 uteretur,
1027 4233 1110 4288 docet
1129 4225 1335 4287 vocabulorum
1359 4217 1428 4282 ἐλά·

319 4351 392 4423 διον,
423 4345 554 4426 οἰνάριον
578 4346 758 4420 aliorumque
780 4346 943 4403 intellectus
968 4339 1047 4416 apud
1071 4337 1237 4416 Epictetum
1266 4332 1345 4390 Diss.
1366 4330 1428 4402 111,
1527 4375 1528 4426 γ
