3066 5102
788 383 829 442 52

258 561 407 639 nnscsipto
427 560 587 638 exemplari
605 569 652 619 est
672 555 813 638 σεμέναν.
828 593 869 606 -
891 557 1063 639 δυττνχιᾶς]
1083 561 1235 620 emendavi
1252 570 1371 640 propter

259 669 404 745 synizesin
425 670 474 728 hic
494 667 704 737 neeessariam
726 662 886 746 δυστυχίας
908 639 1042 724 Cedens

341 778 380 836 V.
399 779 449 838 88.
494 774 510 836 ὁ
533 771 664 856 ’βγενὴς]
687 772 772 831 metri
794 791 882 831 cause
904 773 1007 850 scripsi
1032 792 1085 849 pro
1108 771 1124 832 ὁ
1149 771 1274 854 εὐγενὴς
1295 775 1373 850 qued

259 883 289 940 in
311 883 407 942 codiee
433 884 550 962 legitur.
574 915 610 928 -
656 876 808 961 ἐσφάγην]
836 879 855 938 i.
875 898 903 955 q.
932 877 1050 960 ἐσφάγη
1076 882 1198 940 barbare
1214 878 1326 962 adjecto
1346 901 1372 940 ν.

261 987 311 1048 Sic
327 1009 355 1046 ν.
377 990 417 1049 77
438 992 491 1070 ripe
509 985 697 1070 εἱμαρμένης
717 985 750 1046 τδ
774 984 873 1046 δεινὸν
898 983 1002 1046 ἐπάνω
1027 1007 1086 1067 μου
1108 985 1285 1067 ἀπεσώθην.
1327 987 1372 1048 Cf.

262 1091 364 1178 διέβην
384 1117 438 1174 pro
460 1093 546 1178 διέβη
573 1096 652 1172 apud
675 1095 974 1170 Ptoeboprodromum
1001 1095 1031 1152 in
1057 1093 1125 1154 Cor.
1145 1091 1210 1154 Ἀτ.
1231 1090 1308 1175 Τομ.
1335 1092 1372 1156 α’.

262 1203 326 1262 σελ.
345 1204 415 1264 169.
453 1204 558 1278 Neque
579 1203 657 1262 enim
679 1203 774 1262 solum
792 1203 953 1279 passivum,
975 1203 1026 1260 sed
1048 1203 1176 1261 activum
1197 1203 1281 1262 etiem
1302 1205 1374 1263 haec

261 1311 343 1370 lebes
363 1294 470 1371 infecit
510 1310 578 1385 Qua
596 1313 632 1370 de
652 1330 685 1370 re
705 1310 793 1368 etiam
809 1310 887 1369 infre
909 1311 948 1368 ed
965 1328 1010 1368 νε.
1034 1311 1091 1370 102
1114 1328 1209 1386 egam.
1231 1331 1238 1342 ·

341 1419 382 1478 V.
403 1419 453 1478 90.
495 1419 628 1500 κρεῖττον
647 1414 726 1498 ἤπερ
749 1418 804 1474 τοῦ
822 1417 876 1496 ζήν
895 1417 948 1498 με]
972 1418 1137 1489 emendavi3
1156 1415 1230 1498 ὑπὲρ
1248 1419 1302 1477 τοῦ
1320 1419 1375 1498 ζῇν

260 1545 298 1605 με
320 1523 430 1586 Codex.
470 1526 526 1584 Est
545 1545 614 1584 vero
635 1524 769 1605 κρεῖττον
791 1519 870 1604 ήπερ
892 1525 946 1582 τοῦ
971 1524 995 1591 ζ.
1019 1546 1050 1605 μ.
1076 1524 1231 1601 peculiaris
1260 1524 1376 1584 dicendi

258 1631 391 1704 formula,
412 1649 472 1706 que
491 1632 561 1708 quid
582 1631 751 1706 designetur.
767 1630 889 1690 dubium
908 1648 973 1690 esse
985 1632 1086 1707 nequit
1098 1640 1262 1709 comparate
1274 1633 1375 1692 Duces

258 1739 321 1800 loeo
334 1756 402 1815 pag.
417 1739 490 1812 303,
507 1741 544 1800 17
559 1738 692 1820 κρεῖττον
708 1734 789 1820 ἂνῆν
805 1757 858 1819 μοι
875 1739 929 1798 τοῦ
947 1738 1063 1798 στεῖλαι
1080 1737 1187 1818 δήμιον
1204 1737 1254 1799 καὶ
1270 1739 1370 1822 λαβεῖν

257 1844 310 1926 τήν
325 1845 465 1927 κεφαλήν
481 1867 539 1927 μου
560 1843 613 1906 ἀπ’
627 1841 714 1925 ἐμοῦ,
721 1846 773 1904 ubi
784 1845 921 1904 infinitivi
933 1846 1090 1921 genitivus,
1097 1847 1175 1922 quod
1181 1843 1245 1926 jem
1257 1867 1373 1925 perspe-

257 1954 302 2012 xit
322 1953 497 2026 Bullieldns‚
515 1961 549 2012 ut
569 1953 634 2012 eliis
655 1953 726 2012 loeis
740 1953 818 2028 epnd
830 1953 954 2026 Ducam,
968 1935 1139 2012 nominativi
1150 1953 1214 2013 leco
1231 1963 1283 2013 est.
1313 1953 1371 2013 Sed

257 2069 334 2122 recte
353 2059 549 2137 composueris
568 2078 634 2118 cum
653 2061 708 2118 hoc
725 2059 865 2135 scriptore
882 2058 1038 2118 barbarum
1053 2066 1167 2137 petitum
1186 2062 1222 2120 dc
1236 2062 1373 2120 Beltban·

257 2171 309 2228 dre
336 2177 365 2227 et
385 2167 568 2245 Chrysantm
588 2168 668 2244 apud
690 2165 814 2226 Ocredm
829 2163 893 2228 Ἀτ.
909 2167 926 2224 Ι
947 2185 975 2242 p.
986 2168 1026 2226 75
1048 2175 1177 2227 utentem
1195 2170 1232 2227 ed
1252 2170 1372 2226 eendem

257 2278 294 2336 de
313 2295 374 2360 qua
393 2275 441 2334 hic
452 2275 550 2351 agitur
567 2275 740 2334 sententiam
754 2274 962 2334 enuntiandam
977 2274 1093 2352 vulgari
1105 2276 1242 2352 loquendi
1253 2295 1374 2352 genere:

298 2385 431 2466 κρεῖττον
454 2379 512 2463 γὰρ
531 2379 580 2441 ἵνα
598 2377 737 2461 γένωμαι
755 2383 815 2442 τῶν
837 2383 982 2440 πετεινῶν
1001 2401 1036 2462 γε
1060 2382 1181 2465 βρῶμα,

299 2487 375 2571 παρ’
394 2486 439 2549 ὅτι
461 2485 550 2549 πάλιν
573 2484 611 2548 νὰ
631 2490 757 2570 στραφῶ
777 2489 832 2548 τοῦ
847 2489 989 2569 ποταμοῦ
1004 2486 1135 2556 ἐξοπίσω
1146 2487 1374 2570 (legiensem).

259 2598 319 2666 Ubi
343 2595 468 2658 Coreese
489 2591 587 2656 Τοῦτο
611 2593 646 2656 δὲ
667 2593 700 2656 τὸ
725 2591 797 2676 παρ’
824 2592 880 2672 ὅτι,
903 2593 922 2678 ἢ
945 2596 1025 2679 παρὸ
1048 2594 1068 2678 ἢ
1092 2594 1187 2678 παρὰ,
1208 2595 1242 2657 τὸ
1265 2601 1372 2678 σημαῖ-

259 2725 310 2766 νον
332 2702 383 2765 τὸν
405 2700 591 2772 διαζεοτικδν
610 2700 643 2782 ἦ,
671 2699 844 2783 εὑρίσκεται
874 2702 917 2770 εἰς
939 2703 972 2766 τδ
997 2701 1229 2786 ἀναφερόμενον
1253 2703 1296 2770 εἰς
1321 2703 1371 2766 τδν

255 2807 470 2894 Ἀριστοτέλην
497 2807 566 2890 περὶ
596 2810 699 2890 φυτῶν
724 2798 828 2892 (Βιβλ.
859 2806 884 2869 α’
908 2830 977 2892 κερ.
1001 2812 1035 2890 d)
1069 2808 1260 2894 σύγγραμμα,
1288 2807 1370 2886 „Kal

259 2918 358 2982 ἐκεῖσε
378 2911 556 2999 κρειττόνως
579 2912 742 2982 αὐξάνονσι
764 2913 844 2996 παρδ
868 2914 1049 2998 ἀλλαχοῦ”·
1081 2917 1131 2978 καὶ
1155 2919 1242 2981 πάλιν
1263 2915 1366 3002 (Βιβλ.

258 3021 298 3100 Β,
311 3045 381 3106 κεφ.
396 3019 437 3105 β)
460 3023 665 3104 ,ριοριώτερον
695 3017 868 3104 συμβέβηκε
889 3025 933 3105 τῷ
953 3021 1040 3084 ὕδατι
1068 3024 1101 3085 τὸ
1123 3023 1201 3087 εἶναι
1230 3024 1370 3109 στοιχείῳ

258 3129 343 3213 παρὰ
362 3133 401 3210 τῇ
423 3126 492 3210 γή.”
535 3128 621 3203 Quod
648 3137 746 3188 autem
776 3129 807 3188 in
828 3130 883 3188 hoc
904 3132 1047 3192 versiculo
1066 3129 1208 3214 εειζήπερ
1238 3136 1292 3194 τοῦ
1317 3134 1372 3214 ζήν

260 3257 308 3319 με,
327 3238 454 3298 ididem
473 3255 560 3313 quem
578 3238 664 3296 modo
685 3237 771 3296 citavi
792 3245 878 3313 poeta
900 3239 1043 3300 barbarus
1062 3239 1116 3298 l.c.
1133 3257 1162 3315 p.
1177 3241 1217 3298 74
1236 3239 1374 3317 exprimit

259 3345 358 3406 verbis
378 3345 479 3426 παροδ
503 3340 540 3404 νὰ
563 3341 658 3424 ζήσω.
702 3345 757 3406 Ait
775 3344 869 3404 enim:

297 3448 501 3514 σοναποδοὶνω
523 3446 600 3531 μετὰ
614 3453 669 3510 ccii
685 3448 714 3510 κ’
729 3449 773 3517 εἰς
794 3441 869 3534 ᾅδην
888 3448 1063 3533 συγκατέβα
1080 3453 1372 3536 (1ε3.σογκαται’βω)

300 3561 402 3641 παροδ
423 3555 461 3618 νὰ
482 3557 565 3638 ζήσω
589 3555 733 3617 ἐπώδυνα
754 3556 805 3619 τὸν
829 3556 949 3620 ἅπαντά
973 3576 1032 3639 μου
1056 3554 1132 3639 βίον.

259 3666 415 3728 Caeterum
435 3666 489 3726 τοῦ
511 3665 564 3744 ζήν
585 3683 605 3722 a
625 3665 757 3725 barbaris
781 3666 1025 3726 versificatoribus
1043 3666 1246 3741 quartidecimi
1264 3666 1372 3725 soeculi

260 3775 316 3834 dici
329 3774 458 3850 petuisse
474 3791 528 3849 pro
540 3769 573 3830 τδ
596 3771 650 3850 ζήν
664 3774 712 3832 vel
731 3773 901 3850 simpliciter
915 3792 969 3849 pro
984 3773 1037 3853 ζῇν
1060 3774 1182 3834 efficitur
1201 3795 1218 3834 e
1238 3773 1372 3850 plurimis

259 3881 362 3940 Duces
390 3880 460 3938 locis
482 3878 533 3955 qni
555 3879 641 3936 etiem
669 3880 770 3956 quinte
797 3881 906 3940 decimo
935 3881 1051 3940 saecule
1073 3881 1205 3940 similiter
1231 3879 1371 3952 peccavit.

262 3985 311 4046 Sic
330 3986 525 4064 pag.2lt‚2t
545 3979 610 4067 ἔχω
632 3988 686 4047 τοῦ
709 3986 816 4048 δοῦναι
836 3987 945 4060 scribit,
963 3988 1076 4064 p5e,e
1090 3983 1196 4068 βούλει
1216 3985 1272 4044 τοῦ
1292 3981 1372 4046 εἶναι’

262 4112 296 4154 σε
315 4089 464 4174 ἡμέτερον
488 4089 588 4174 oller,
618 4112 648 4168 p.
669 4093 741 4165 203,
761 4093 797 4153 21
824 4089 949 4155 δύναται
969 4094 1023 4152 τοῦ
1047 4086 1305 4172 ἀνταποκριθῆναι
1326 4103 1370 4152 et·

260 4218 317 4275 que
339 4200 397 4259 elia
419 4217 494 4276 queo
522 4199 629 4258 referre
655 4199 746 4276 piget.
778 4200 827 4260 Ex
851 4202 906 4261 hoo
928 4200 1066 4261 mendose
1087 4197 1297 4260 infinitivornm
1317 4219 1367 4276 ge·

259 4306 351 4366 nitivo
370 4306 493 4364 fortusse
509 4305 681 4380 intelligitur
697 4305 748 4365 ille
772 4307 979 4377 barbarismus,
998 4303 1082 4378 cuius
1102 4306 1222 4366 memini
1243 4310 1281 4368 ed
1302 4326 1367 4368 ver·
