3066 5102
239 1430 709 1511 CONIECTANEORUM
739 1429 1148 1507 BYZANTINORUM

506 1555 655 1678 nisan
680 1616 877 1678 smnus.
944 1705 945 1708 w

549 1944 670 1998 CAPUT
688 1947 845 2000 PRIMUM.

137 2042 255 2168 Quum
282 2085 319 2142 ad
348 2081 496 2157 Duccngii
519 2080 705 2141 Glossarium
732 2052 845 2141 mediae
873 2091 902 2140 et
929 2083 1046 2140 infimae
1072 2079 1247 2140 Graecitatis

135 2197 348 2259 emendandum
370 2202 399 2250 et
421 2193 656 2267 locupletandum
677 2197 759 2253 varia
779 2195 930 2254 volumina
949 2204 1163 2273 pertractarem,
1183 2217 1248 2256 cum

135 2307 208 2366 alios
219 2305 279 2380 legi
291 2300 445 2376 scriptores
458 2309 519 2357 tum
534 2301 645 2374 Duces,
665 2301 820 2360 Michaelis
833 2302 934 2359 Ducae
945 2303 1067 2377 nepotis,
1087 2303 1248 2361 Historiam

135 2412 339 2489 Byzantinam.
383 2409 470 2466 Hanc
492 2427 510 2464 a
533 2408 681 2468 Bullialdo
702 2429 767 2467 curn
790 2407 935 2468 Chronico
953 2409 1082 2487 brevi,*)
1105 2429 1142 2468 ex
1164 2411 1248 2468 unico

135 2521 186 2596 qui
210 2525 305 2577 exstat
328 2516 425 2575 codice
445 2515 605 2575 Parisiensi
632 2517 807 2594 descriptam
835 2536 899 2576 esse
926 2525 1046 2576 constat.
1093 2515 1248 2592 Quumque

137 2627 287 2712 exemplar
313 2644 402 2682 manu
427 2632 579 2682 exaratum
601 2626 700 2683 multis
722 2625 904 2700 inquinatum
926 2625 965 2682 sit
984 2625 1114 2698 mendis,
1143 2626 1248 2700 quibus

135 2735 237 2793 Ducee
263 2732 354 2790 oratio
384 2751 476 2808 paene
504 2734 630 2790 barbara
658 2733 753 2809 magis
782 2733 868 2791 etiam
897 2732 1087 2792 deformatur:
1120 2751 1178 2791 non
1204 2741 1249 2790 est

135 2842 212 2917 quod
236 2841 375 2898 miremur
396 2840 520 2896 editores
541 2835 831 2920 ratos-conjecturam
851 2861 910 2900 non
934 2841 1005 2899 satis
1023 2849 1130 2898 certam
1149 2840 1249 2914 capio

135 2949 274 3024 scriptore
290 2946 443 3022 degeneris
465 2946 574 3004 saeculi
594 2947 713 3005 alumno
724 2948 774 3023 qui
785 2949 891 3006 veteris
903 2949 1021 3024 linguae
1036 2966 1156 3023 graecae
1167 2949 1248 3022 leges

135 3063 188 3112 aut
206 3053 371 3130 ignorasset
389 3062 440 3111 aut
465 3052 643 3129 neglexisset
669 3053 742 3112 vitia
768 3055 922 3114 manifesta
943 3054 1051 3129 ubique
1070 3064 1121 3113 aut
1141 3056 1249 3112 intacta

134 3162 289 3238 reliquisse
309 3168 360 3219 aut
379 3161 535 3237 propositis
554 3157 725 3240 conjecturis
755 3181 773 3220 a
800 3161 949 3239 scriptoris
970 3170 1066 3220 mente
1087 3164 1248 3220 aberrasse.

135 3268 219 3344 Opus
257 3269 334 3326 enim
371 3278 416 3326 est
451 3270 488 3328 ad
522 3264 689 3348 hujusmodi
720 3269 812 3326 libros
850 3270 1045 3327 emendandos
1079 3269 1248 3327 recentioris

136 3375 315 3435 Graecorum
346 3375 487 3460 sermonis
520 3374 692 3450 cognitione.
749 3374 815 3449 Qua
845 3374 899 3434 etsi
935 3375 1093 3434 doctissimi
1121 3375 1164 3433 illi
1191 3377 1248 3434 viri

134 3502 193 3540 non
216 3491 380 3555 caruerunt,
396 3490 494 3540 tamen
512 3481 680 3560 posterioris
699 3491 907 3559 corruptaeque
920 3482 1093 3542 Graecitatis
1114 3492 1248 3560 expertes

134 3590 232 3666 potius
262 3599 291 3647 et
318 3591 414 3667 ignari
439 3611 526 3667 quam
556 3590 642 3667 periti
675 3600 704 3648 et
727 3591 923 3668 intelligentes
953 3591 1046 3649 videri
1074 3591 1248 3649 maluerunt.

138 3693 197 3752 Sed
224 3697 360 3768 quoniam
388 3718 448 3756 non
474 3699 570 3757 omnia
600 3717 675 3774 quae
698 3697 729 3755 in
755 3699 801 3756 his
827 3699 1021 3758 monumentis
1048 3698 1247 3754 emendatione

136 3810 223 3876 egent
245 3819 467 3861 commemorare
489 3807 641 3879 constitui,
669 3825 763 3883 pauca
788 3805 935 3881 praefatus
956 3806 992 3863 de
1014 3804 1186 3879 quibusdam
1204 3803 1247 3860 hi-

136 3910 242 3968 storiae
265 3909 446 3988 Byzantinae
468 3929 486 3968 a
507 3912 592 3971 Duca
613 3914 792 3988 conscriptae
818 3912 888 3971 locis
915 3913 1077 3972 accuratius
1099 3912 1135 3969 de
1157 3910 1246 3970 Chro-

136 4017 201 4076 nico
224 4037 320 4094 agam.

190 4247 217 4312 *J
237 4248 322 4309 Vulgo
340 4249 486 4301 Chronicon
503 4251 580 4300 breve
597 4244 737 4318 (Χρονικὸν
759 4248 900 4316 σύντομον)
919 4257 1024 4314 vocent;
1042 4251 1086 4299 alii
1101 4247 1248 4301 chronicon

138 4326 426 4391 Veneto-Byzantinum
446 4331 578 4397 appellere
598 4338 795 4382 consueverunt.

1006 4426 1049 4484 ¹}
