3066 5102
675 407 694 466 9

129 591 203 661 ἴσως
226 594 260 655 δὲ
282 593 333 654 καὶ.
355 591 397 655 εἰς
417 591 449 652 τὸ
474 588 599 668 μάρπτω
619 583 666 660 (τὸ
689 583 798 648 κοινῶς
819 580 949 658 πιαίνω),
978 578 1071 662 ἤγουν
1092 582 1130 662 τῇ
1152 579 1233 661 μοίρῃ

128 703 236 786 (χειρὶ)
261 701 395 780 ἅπτομαι
416 695 466 758 καὶ
489 695 531 760 εἰς
553 694 586 755 τὸ
610 689 782 773 μάρναριαι,
805 687 838 749 τὸ
863 690 991 769 πολεμῶ
1013 687 1063 748 καὶ
1087 687 1234 768 μάχομαι.

127 811 238 870 Manus
264 807 470 868 recentioribus
500 801 622 862 Graecis
650 807 695 856 ast
724 797 743 877 ἡ
774 796 841 878 χεὶρ
875 798 921 856 vel
953 797 985 858 τὸ
1014 793 1099 878 χέρι,
1115 796 1146 873 ')
1177 815 1235 856 non
1336 825 1345 842 ·

128 917 148 996 ἡ
174 917 266 998 μσίρη,
290 917 368 991 quod
389 932 475 972 nemo
494 908 641 984 intelligit.
692 905 803 980 Quodsi
824 903 934 965 coraus
952 921 1042 964 ausus
1062 911 1107 962 est
1125 905 1237 962 obsole-

128 1036 313 1086 turuaomeu
335 1023 396 1080 suis
416 1019 514 1078 vorbis
540 1017 686 1088 inserere,
713 1013 744 1072 id
762 1033 796 1072 eo
819 1021 932 1072 tantum
952 1012 1072 1077 oonsilio
1092 1012 1174 1084 fecit,
1204 1021 1237 1070 ut

128 1134 250 1191 verbum
274 1128 416 1210 μάρπτειν
437 1126 517 1202 quod
536 1125 605 1182 inde
620 1131 715 1182 ortum
734 1121 859 1193 videtur,
876 1127 1040 1198 exponeret.
1067 1121 1237 1179 Nactamen

128 1239 286 1315 quidquam
323 1244 367 1294 est
401 1237 478 1312 quod
510 1234 558 1292 vel
588 1249 654 1288 cum
686 1229 819 1288 Bekhero
853 1229 901 1286 vei
935 1247 1001 1286 cum
1024 1228 1168 1287 Lobeckio
1201 1229 1237 1286 da

127 1345 292 1420 hujusmodi
320 1347 408 1402 rebus
432 1341 621 1418 expostulem.
673 1335 790 1394 Etenim
817 1335 927 1395 novitia
953 1335 1105 1394 Graecitas
1131 1337 1238 1395 multas

128 1461 157 1510 ct
177 1452 357 1510 venerandas
379 1448 560 1525 antiquitatis
581 1444 718 1522 reliquias
740 1444 877 1502 servavit.
928 1443 1000 1516 Quis
1028 1463 1098 1502 varo
1122 1444 1238 1520 ignorat

126 1559 259 1618 fallacem
290 1577 355 1618 esse
390 1556 654 1616 Grammaticorum
683 1553 870 1630 ipsorumque
900 1560 1030 1610 veterum
1066 1552 1237 1628 scriptorum

128 1666 337 1737 auctoritatam,
358 1665 409 1740 qui
430 1665 575 1724 interdum
594 1662 718 1738 optimas
738 1677 823 1718 voces
843 1660 982 1718 damnant
1004 1664 1239 1737 atquaaaverba

127 1772 308 1866 intercidisse
337 1768 420 1849 ajunt
447 1788 523 1844 qnae
545 1770 631 1828 etiam
654 1787 731 1826 nunc
752 1767 783 1824 in
807 1767 901 1844 plebis
923 1787 973 1825 ore
991 1767 1092 1843 vigere
1113 1768 1238 1826 certissi-

128 1899 207 1938 mum
219 1888 271 1938 est.
301 1878 385 1938 Nihil
403 1896 530 1953 unquam
554 1878 739 1936 minusvare
752 1875 922 1935 Lactantius
932 1875 1099 1932 Firmianus
1113 1875 1238 1952 scripsit,

127 2007 215 2062 quam
238 2003 366 2060 eaquae
386 1985 520 2044 Divinar.
541 1985 631 2044 instit.
654 1984 703 2043 lib.
724 1984 772 2041 IV
790 2001 853 2059 cap.
872 1983 890 2040 7
916 1983 952 2040 ds
975 1982 1072 2041 verbis
1092 1980 1187 2063 χρίειν
1209 1992 1238 2042 at

129 2091 264 2174 ἀλείφειν
287 2095 382 2152 tradit.
435 2092 484 2152 Sic
505 2104 601 2152 autem
625 2093 666 2151 ait
685 2093 731 2150 vir
749 2091 923 2150 christianae
941 2088 1124 2166 disciplinae,
1150 2109 1238 2166 quam

127 2193 307 2276 antiquitatis
330 2211 357 2259 at
379 2218 548 2276 graecarum
567 2200 729 2257 litterarum
752 2198 921 2256 studiosior:
950 2198 1080 2268 „Verum
1101 2199 1238 2275 quoniam

128 2307 235 2367 Graeci
259 2317 372 2368 veteres
395 2303 536 2388 χρίεσθαι
560 2306 693 2364 dicebant
712 2304 801 2380 ungi,
831 2305 908 2380 quod
938 2321 1015 2362 nunc
1044 2303 1237 2384 ἀλείφεσθαι,

128 2414 203 2472 sicut
222 2415 331 2486 indicat
348 2414 521 2473 Homericus
542 2414 592 2471 ille
613 2431 730 2470 versus:

279 2518 390 2587 αὐτοὺς
415 2520 449 2581 δὲ
472 2519 573 2602 δμωαὶ
595 2520 709 2580 λοῦσαν
732 2517 783 2578 καὶ
802 2521 910 2600 χρῖσαν
932 2517 1042 2600 ἐλαίῳ·

127 2631 163 2687 ob
184 2631 258 2687 hanc
276 2630 416 2688 rationem
439 2649 491 2690 nos
513 2650 579 2688 eum
593 2627 744 2688 Christum
764 2646 975 2703 nuncupamus,
993 2627 1023 2685 id
1044 2639 1088 2688 ast
1110 2638 1238 2702 unctum,

128 2735 177 2810 qui
199 2737 343 2796 Hebraico
360 2737 486 2798 Messias
504 2738 617 2796 dicitur.
669 2737 755 2798 Unde
776 2736 806 2794 in
828 2734 1002 2810 quibusdam
1025 2733 1147 2795 Graccis
1168 2737 1237 2795 scri·

126 2843 236 2919 pturis‚
266 2863 341 2920 quae
367 2847 443 2903 malo
472 2846 508 2902 de
528 2844 683 2903 Hebraicis
702 2845 907 2920 interpretatas
928 2833 1017 2916 sunt,
1042 2840 1236 2924 ἠλειμμένος,

126 2952 157 3011 id
167 2960 221 3023 est,
231 2954 388 3028 unguendo
401 2961 523 3025 creatus,
537 2953 677 3028 scriptum
688 2952 847 3023 invonitur,
868 2948 928 3010 ἀπὸ
950 2951 1004 3008 τοῦ
1026 2947 1237 3030 characatas

127 3058 227 3118 Unum
243 3059 312 3117 citat
321 3061 482 3120 Homerum
505 3059 592 3135 hujus
613 3059 695 3118 verbi
716 3068 871 3131 auctorem,
893 3059 969 3134 quod
987 3067 1016 3115 et
1033 3057 1084 3115 alii
1104 3057 1237 3133 frequen·

127 3175 233 3224 tarunt.
262 3167 345 3230 ,Jam
363 3167 430 3226 licet
447 3167 592 3226 Lactantii
614 3176 708 3225 aetate
732 3166 864 3243 plerique
886 3166 1076 3239 Graecorum,
1099 3161 1235 3246 ἀλείφειν

127 3273 254 3332 dicerent
274 3291 394 3351 ungere,
415 3294 472 3332 non
495 3272 601 3354 χρίειν,
621 3275 717 3351 ipsum
736 3283 832 3332 tamen
853 3277 975 3332 verbum
997 3271 1092 3354 χρίειν
1116 3293 1174 3332 non
1192 3274 1238 3332 in-

126 3380 239 3440 teriisse
261 3391 382 3440 testatur
403 3381 493 3441 nostri
513 3381 650 3458 temporis
677 3381 818 3456 graecitas
846 3377 897 3462 (ci.
921 3381 1056 3456 Ducang.
1083 3400 1112 3458 p.
1132 3382 1237 3458 1761),

128 3508 202 3564 quae
229 3487 342 3570 χρίζειν
372 3491 472 3550 eodem
495 3489 658 3566 significatu
688 3489 878 3562 conservavit,
903 3491 957 3548 hoc
978 3487 1142 3548 discrimine
1160 3489 1237 3562 quod

127 3597 257 3655 hominos
276 3595 382 3656 indocti
404 3617 612 3673 nonnunquam
634 3595 746 3678 χρίζειν
771 3597 884 3669 dicunt,
910 3596 1016 3655 caeteri
1036 3613 1137 3654 omncs
1157 3592 1236 3654 ἀλεί-

130 3721 195 3783 φειν
216 3721 359 3778 usurpare
377 3705 478 3764 solent.
531 3704 686 3764 Caeterum
717 3713 750 3763 ut
772 3703 921 3764 Christum
947 3723 1031 3763 nemo
1051 3699 1235 3783 ἠλειρμέναν

195 3931 221 3996 *)
240 3932 393 3996 Ducangius
412 3946 437 3996 p.
456 3927 535 3983 1748:
966 3959 968 3968 ν

128 4012 202 4082 χέρα,
221 4011 287 4082 χέρι.
304 4018 385 4084 χαῖρι,
403 4027 504 4074 manus,
523 4011 587 4083 χείρ.
624 4015 779 4077 Anonymus
796 4013 828 4062 de
847 4013 944 4077 nuptiis
961 4011 1055 4060 Thesei
1071 4012 1115 4061 lib.
1134 4013 1149 4062 7
1170 4021 1236 4065 extr.

247 4094 293 4144 καὶ
311 4093 345 4151 είς
366 4093 412 4165 τὴν
432 4091 548 4164 (ροίιχταν
567 4097 613 4144 τοῦ
634 4091 742 4144 caradion
760 4092 843 4142 πάντα
860 4091 906 4160 τὴν
920 4091 999 4162 χέραν
1016 4089 1103 4161 τοίιχε.

67 4219 69 4224 .
130 4172 161 4222 Ιιι
179 4171 220 4219 his
239 4177 308 4240 χαῖρι
328 4175 396 4226 malo
414 4177 538 4240 scriptum
555 4190 603 4238 pro
623 4173 695 4244 χέρι,
718 4189 806 4222 vorsus
830 4179 916 4222 autem
940 4173 976 4221 sic
996 4174 1149 4224 mutandus:

233 4249 277 4298 ’Md
294 4249 328 4306 Εἰς
346 4254 391 4323 τὴν
410 4261 527 4326 ιροῠχταν
547 4257 593 4304 τοῦ
621 4249 730 4304 aurdanu
752 4251 825 4304 πᾶσαί
853 4252 899 4322 τὴν
927 4251 1005 4322 χέραν
1031 4251 1076 4304 roh
1093 4251 1135 4322 ’χε

130 4344 146 4391 i.
166 4356 187 4391 a.
216 4344 300 4390 πᾶσαν
319 4339 365 4406 τὴν
388 4341 491 4410 [αὑτοῦ]
510 4343 668 4418 χεῖραιείχε.
695 4323 730 4342 ⁹
