3066 5102
700 391 717 448 ⁷
784 365 790 374 .

35 583 36 588 ’
157 571 223 630 liter
253 588 286 626 eo
317 568 433 626 nomine
453 572 551 623 utatur
572 569 773 628 Damascenus
796 567 913 628 studita
935 569 1045 632 Homil.
1071 571 1106 630 11
1135 543 1272 648 ΙΣόδιιριι

157 675 208 737 καὶ
238 671 384 755 Γόμορρα
409 670 484 754 ἧταν
512 672 546 751 (i.
575 693 600 731 e.
625 670 718 754 ἦσαν)
747 674 861 756 interpp
889 676 1018 756 μεγάλα.
1067 678 1172 754 Neque
1202 695 1271 735 vcro

155 784 318 862 putandum
340 779 484 840 interiisse
507 782 583 839 hanc
606 781 745 857 plurativi
756 784 871 841 numeri
879 785 1009 858 formam,
1032 784 1174 860 siquidem
1185 784 1271 860 plebs

157 892 242 951 etiem
263 908 340 949 nuuc
362 887 475 968 κάστρη
494 907 548 964 pro
569 886 685 968 κάστρα
706 887 784 946 dicit.
831 888 876 948 cf.
896 892 1038 951 Darvaris
1057 887 1177 971 Γραρμ.
1200 888 1271 948 ἁπλ·

157 997 220 1057 σελ.
243 997 315 1056 399.
353 997 446 1055 Porro
469 996 548 1073 apud
568 995 758 1072 Ducaugium
782 995 889 1072 legitur
911 994 1048 1056 ὁσπείτια
1068 998 1159 1075 (quod
1179 998 1270 1072 vulgo

158 1103 257 1164 σπίτια
279 1111 309 1161 et
327 1100 438 1190 cuipter
462 1101 621 1180 scribunt),
648 1104 726 1180 apud
746 1103 913 1164 Bakkcrum
937 1101 1074 1164 ὀσπείτια
1092 1104 1150 1163 leni
1170 1105 1269 1162 afflatu

155 1230 240 1288 quem
260 1211 350 1268 latins
368 1229 428 1269 vox
449 1211 568 1287 respuit.
593 1212 620 1270 E
639 1231 813 1289 praegresso
834 1212 868 1273 τὸ
888 1209 951 1271 ἄνω
973 1213 1143 1288 cogendum,
1163 1211 1268 1287 opponi

155 1318 203 1376 hic
222 1338 241 1376 a
261 1319 399 1395 scriptore
421 1317 454 1378 τὸ
481 1315 544 1378 ἄνω
567 1328 597 1377 et
617 1317 651 1378 τὸ
671 1317 765 1380 κάτω.
796 1320 909 1378 Verum
931 1319 1085 1394 quominus
1101 1325 1267 1392 corruptum

153 1425 228 1484 illud
246 1424 280 1486 τὸ
305 1424 396 1486 κάτον
417 1427 459 1485 sic
480 1428 676 1499 emendemus,
702 1435 735 1484 ut
757 1447 810 1503 pro
835 1446 870 1485 eo
890 1425 1098 1484 substituamus
1119 1422 1153 1483 τὸ
1173 1422 1266 1496 κάτω,

153 1535 250 1592 obstat
271 1533 413 1610 imprimis
435 1534 567 1611 vulgaris
586 1531 674 1616 hujus
692 1535 824 1594 adverbii
844 1533 939 1593 forme
962 1529 1066 1591 κάτου.
1117 1528 1164 1587 cf.
1183 1530 1266 1587 Dem.

155 1641 225 1698 Zen.
246 1640 389 1717 Paraphr.
409 1643 491 1699 Batr.
512 1664 541 1701 v.
561 1645 630 1704 158.
674 1641 868 1717 Quamobrem
891 1660 944 1718 pro
965 1637 1074 1710 κάτον,
1101 1637 1178 1712 quod
1194 1635 1266 1693 nihil

153 1757 208 1820 cst,
227 1747 425 1822 reponendum
447 1745 552 1807 κοίτου·

241 1851 299 1911 Sed
324 1853 390 1910 aliis
417 1873 532 1929 quoque
556 1857 627 1915 locis
647 1858 820 1933 Ducangius
849 1858 879 1915 in
902 1855 1025 1916 citandis
1045 1853 1266 1930 chronographi

154 1960 251 2019 verbis
273 1979 339 2020 cum
361 1961 495 2020 Bekkero
516 1983 573 2023 nou
592 1967 744 2024 consentit.
760 1963 828 2042 „Sic
840 1985 907 2042 pag.
916 1965 972 2024 741
996 1983 1060 2024 av.
1080 1957 1266 2041 κουρσεύειν,

153 2086 285 2140 cursare,
305 2069 455 2144 praedari,
486 2069 624 2151 πορθεῖν,
646 2071 805 2152 λεηλατεῖν
831 2074 903 2132 haec
925 2073 1051 2148 allegata
1081 2067 1265 2143 „Chronicou

153 2175 474 2265 Veneto-Byzantinum
491 2195 538 2233 an.
557 2178 637 2234 1444
661 2174 834 2260 &raptistae
858 2178 893 2240 δὲ
917 2176 1008 2243 αὐτὸς
1027 2173 1080 2242 τὰς
1093 2172 1196 2256 Θήβας
1213 2170 1266 2237 τὰς

154 2279 330 2345 ἑπταπύλας
346 2278 396 2340 καὶ
417 2276 601 2361 ἐκοΰρσευσε
620 2278 710 2363 μέχρι
733 2280 886 2365 Λιβαδίας,
908 2302 983 2358 quae
1003 2283 1081 2358 apud
1098 2282 1264 2342 Bekkcrum

152 2409 181 2463 p.
196 2388 258 2446 519
272 2388 302 2445 in
314 2390 392 2446 hunc
402 2389 520 2446 modum
533 2390 693 2466 depravata
707 2399 791 2450 sunt:
816 2387 990 2471 ἐπαρέλαβε
1014 2387 1048 2450 δὲ
1068 2388 1083 2450 ὁ
1107 2385 1198 2452 αὐτὸς
1212 2384 1264 2452 τὰς

154 2490 259 2576 Θήβας
278 2491 331 2559 τὰς
354 2492 528 2561 ἑπταπύλας
547 2495 598 2556 καὶ
620 2494 785 2578 ἐκούρευσε
808 2494 898 2578 μέχρι
916 2493 1106 2577 Λιβαδείας.”
1136 2497 1195 2556 Hic
1209 2497 1263 2553 etsi

153 2601 168 2663 ὁ
188 2598 279 2667 αὐτὸς
296 2613 372 2662 recte
388 2622 419 2662 oe
440 2606 528 2663 babet
544 2605 813 2682 repudiandumque
827 2603 1052 2682 Ducengiauum
1070 2604 1144 2662 illud
1162 2600 1262 2675 αὐτὸς,

151 2725 268 2794 propter
295 2735 330 2776 ea
356 2736 432 2793 quae
458 2719 701 2794 praegrediuntur
726 2712 779 2799 Tap
802 2706 922 2799 57>st
950 2710 1011 2777 ἔτει
1039 2713 1108 2798 μηνὶ
1134 2711 1262 2796 Μαρτίῳ

153 2820 251 2884 ἔκτισε
270 2817 491 2903 τὸἝξαρίλιον
509 2803 1056 2905 κύριςΚωνοταντῖνοςΠαλαιολόγος
1076 2821 1092 2884 ὁ
1116 2817 1263 2901 δεσπότης

152 2926 313 3011 Μωραίου,
326 2949 421 3006 neque
434 2928 582 3012 Λιβαδείτι
601 2952 654 3009 pro
666 2929 796 3013 Λιβαδία
808 2933 946 3008 scriptum
959 2930 1087 3003 offendit,
1105 2939 1201 2988 tamen
1212 2948 1262 2988 cx·

152 3038 237 3112 pulso
258 3035 434 3119 ἐκούρευσε,
453 3058 511 3115 quo
533 3040 663 3100 tonsoris
673 3047 771 3116 partes
780 3037 972 3098 Constantino
983 3038 1158 3113 Palaeologo
1170 3037 1262 3112 impo-

82 3195 87 3200 .
151 3154 270 3218 nuntur,
293 3142 476 3227 ἐκούρσευσε
494 3147 711 3207 rescribendum
731 3141 796 3206 esse
816 3147 918 3222 liquet.
945 3145 991 3205 cf.
1008 3147 1083 3204 Duc.
1105 3165 1134 3221 p.
1151 3143 1220 3214 190,
1241 3142 1259 3200 4

127 3251 128 3256 ¹
151 3257 203 3317 rui
215 3256 252 3318 τὰ
269 3256 354 3340 πέριξ
371 3256 548 3339 ἐκούρσευε.
576 3261 717 3334 Pag.521
736 3259 914 3317 ed.Bekker.
928 3260 1050 3334 legitur:
1072 3252 1125 3338 Τῷ
1138 3243 1258 3338 5773οᾶ

153 3359 231 3437 ἔτει,
256 3363 326 3445 μηνὶ
343 3364 492 3450 Ἀπριλίιρ
510 3362 534 3447 ρ
554 3362 674 3446 ἡμέρᾳ,
695 3367 827 3446 κυριακῇ
848 3367 908 3424 τῶν
931 3362 1036 3446 dator,
1060 3358 1259 3442 ἐπαρέδωσαν

51 3538 56 3546 ,
154 3467 329 3551 οἱἈργεῖοι
349 3471 402 3553 τὴν
420 3474 526 3556 χώραν
548 3475 603 3532 τοῦ
618 3468 751 3553 Ἄργους
770 3470 813 3537 εἰς
833 3469 886 3536 τὰς
906 3472 1013 3552 χεῖρας
1032 3472 1091 3530 τῶν
1103 3464 1259 3548 Τούρκων.

152 3576 230 3650 Quid
254 3577 405 3639 Bckkerus
433 3599 497 3640 esse
523 3579 648 3641 voluerit
675 3577 728 3658 τὴν
754 3577 899 3660 κυριακὴν
921 3580 980 3637 τῶν
1003 3575 1116 3660 βαίων,
1148 3576 1260 3652 ignoro.

152 3679 239 3740 Certe
257 3684 332 3740 diem
356 3687 529 3747 dominicum
540 3689 702 3765 palmarum
714 3689 792 3746 omni
804 3695 898 3745 aetate
911 3684 1018 3745 Graeci
1039 3682 1091 3762 τὴν
1113 3682 1258 3763 κυριακὴν

151 3788 211 3847 τῶν
236 3784 331 3870 βαΐων
353 3791 401 3848 vel
420 3791 471 3868 τὴν
494 3793 600 3875 ἑορτὴν
623 3797 682 3854 τῶν
704 3790 799 3875 βαΐων
821 3801 969 3853 vo'carunt.
1017 3791 1102 3866 Quod
1122 3789 1259 3865 quoniam

152 3897 286 3955 omnibus
307 3896 349 3954 ita
368 3904 467 3954 notum
485 3906 538 3970 est,
556 3909 643 3960 utne
661 3901 815 3976 Ducangio
831 3901 947 3977 quidem
968 3908 1042 3958 teste
1060 3919 1089 3975 p.
1105 3898 1164 3958 167
1185 3915 1258 3973 opus

154 4005 200 4078 sit,
218 4023 271 4082 pro
294 4001 388 4085 βαίων
413 4006 591 4084 exarandum
615 4025 679 4065 esse
704 4005 799 4088 βαΐιιιν
822 4017 951 4084 apparet.

234 4112 347 4187 Magna
366 4131 451 4188 porro
472 4111 502 4169 in
524 4114 682 4172 scribendis
703 4116 823 4174 vocibus
844 4115 971 4175 Bekkeri
993 4093 1185 4174 inconstabtia
1206 4119 1258 4181 est,

153 4220 203 4292 qui
243 4219 376 4291 quamvis
397 4221 428 4278 in
447 4220 625 4297 praefatione
652 4223 876 4300 orthographiae
902 4232 931 4280 et
954 4219 1191 4298 interpunctionis
1212 4236 1282 4274 rav

153 4325 261 4384 tionem
291 4341 323 4382 se
350 4326 516 4386 habiturum
545 4328 708 4404 professus,
736 4339 832 4389 tamen
859 4330 897 4388 dc
929 4327 1126 4406 expurgandis
1153 4323 1258 4383 codicis
1313 4315 1327 4330 ⁸
