3066 5102
653 362 798 456 ..AL

168 547 255 606 horno
272 547 408 622 impurae
429 545 587 621 religionis,
609 545 660 621 qui
680 543 766 604 ioeda
787 539 999 602 Saracenorum
1021 555 1103 600 sacra
1121 537 1281 612 profitetur.

170 653 248 712 Vide
266 652 453 728 Ducangium
473 671 502 728 p.
523 651 595 712 839.

254 759 294 818 V.
306 760 355 820 30.
389 757 621 840 καβαλλαριῶν]
641 758 761 832 seripsi3
779 755 853 814 Ood.
871 750 1079 836 καβαλαρίσιν.
1099 781 1141 794 -
1169 749 1208 806 V.
1231 749 1281 806 3¹.

174 863 240 943 μετ’
262 862 401 944 ἐκείνων]
413 869 442 925 h.
452 886 477 924 e.
500 840 794 946 τῶνῖαβαλαρίωνι
817 859 882 942 μετ’
906 858 1020 920 ἐκεῖνον
1031 859 1104 920 Cod.
1120 891 1161 902 -
1181 857 1220 913 V.
1230 857 1280 914 33.

172 971 304 1052 ἐχάραξε
335 973 355 1052 ἡ
385 971 536 1053 ἀνατολή]
567 975 644 1048 qnod
668 970 841 1046 Ducangius
874 966 1000 1043 explicet
1015 963 1164 1042 fulgere,
1193 964 1281 1036 orsi‘i,

171 1081 250 1155 apud
271 1081 445 1140 recentiores
462 1082 499 1139 de
517 1082 628 1141 oriente
649 1082 714 1139 luce
733 1085 899 1154 usurpatur.
928 1075 1034 1148 Neque
1045 1091 1115 1131 vero
1127 1069 1281 1152 χαράττω,

172 1189 414 1261 quemadmodum
433 1189 605 1265 Ducangius
633 1187 742 1260 scribit,
767 1187 818 1244 sed
841 1181 969 1265 χαράζω
990 1200 1027 1239 ex
1048 1179 1211 1254 antiquiore
1231 1198 1282 1236 vo·

173 1296 277 1354 cabulo
297 1298 450 1356 formatum
477 1297 613 1356 inferiore
641 1303 735 1354 aetate
755 1291 888 1351 invaluit.
930 1287 1002 1348 Ood.
1022 1289 1110 1346 habet
1133 1281 1281 1366 ἐχάραξεν

173 1399 193 1479 ἡ
217 1399 349 1482 ἀνατολή
372 1406 451 1479 quod
463 1414 555 1464 metro
575 1411 728 1479 repugnat.
761 1401 866 1474 Itaque
888 1406 939 1456 aut
959 1397 1085 1456 deletos
1108 1391 1281 1475 ἐρελιιυστι·

172 1508 219 1588 κῷ
238 1511 405 1582 ponendum
426 1508 598 1592 ἐχάραξεὴ
623 1507 756 1587 ἀνατολή
785 1515 836 1566 aut
864 1501 1013 1586 ἐχάραξεν
1035 1501 1055 1582 ἡ
1079 1497 1200 1580 ἀντολή,
1231 1501 1282 1558 sed

174 1613 297 1672 alterum
316 1624 454 1689 praestat.
497 1592 598 1676 Simiie
613 1618 717 1676 vitium
738 1622 783 1672 est
800 1615 832 1670 in
854 1613 988 1672 versibus
1009 1608 1159 1690 Anonymi
1169 1606 1227 1668 MS
1246 1607 1282 1666 de

174 1722 323 1780 amoribus
344 1719 474 1797 Isybistri
497 1731 527 1780 et
547 1724 733 1782 Rhadamnos
751 1719 829 1796 apud
850 1720 1052 1794 Ducangium:

325 1829 378 1906 τῆς
400 1824 508 1894 νύκτας
531 1827 605 1910 ὅλης
627 1829 643 1889 ὁ
670 1826 775 1909 καιρὸς
795 1822 952 1909 ἐδιέβιριεν
975 1822 1100 1896 ἐκεῖνος,

326 1931 475 2016 ἐχάραξεν
497 1935 516 2016 ἡ
539 1934 685 2016 ἀνατολή;
707 1933 757 1994 καὶ
778 1907 931 1994 ἀνέτειλεν
955 1931 975 2012 ἡ
998 1928 1110 2012 ἡμέρα.
1214 2002 1216 2015 r

208 2037 302 2113 Leges
323 2036 456 2122 ἐχάραξε
481 2041 500 2120 ἡ
526 2042 660 2122 ἀνατολὴ
682 2063 711 2102 ιιι
729 2037 881 2102 ἀνέτειλεν
902 2041 922 2120 ἡ
947 2036 1060 2120 ἡμέρα.

174 2143 285 2204 Contra
308 2148 422 2206 Auctor
449 2122 562 2206 [ishreni
597 2149 633 2206 de
663 2123 748 2223 capii
774 2167 793 2205 a
817 2121 1207 2222 Turcifconstontinopoli
1236 2165 1283 2222 ap.

173 2251 310 2328 Duosng.
331 2273 361 2330 p.
384 2255 483 2315 13802

177 2352 208 2422 ἐξ
230 2355 387 2420 ἀνατολῶν
410 2357 564 2442 ἐπήδησεν
583 2359 635 2420 καὶ
656 2358 762 2428 ιιάτζεν
786 2360 851 2440 (ie.
868 2355 1024 2436 ἐκάθισεν)
1047 2355 1090 2424 εἰς
1108 2356 1160 2437 τὴν
1184 2353 1283 2418 δύσιν·

175 2459 220 2528 εἰς
241 2463 275 2526 τὸ
299 2465 433 2548 σκαμνὴν
455 2470 515 2528 τῶν
536 2463 726 2550 Χριστιανῶν
747 2466 781 2530 τὸ
802 2464 1049 2548 ιιειραλοδστήκη.

326 2572 461 2652 Corrige:

260 2677 291 2747 ἐξ
314 2679 449 2744 curetes
473 2679 626 2762 ἐπήδησεν
647 2678 699 2739 καὶ
717 2677 823 2748 κάτζεν
848 2677 891 2744 εἰς
912 2676 965 2758 τὴν
987 2675 1090 2738 δύσιν·

231 2777 232 2781 ’
260 2787 303 2854 εἰς
320 2788 353 2849 τὺ
379 2787 504 2868 σκαρνὶν
527 2789 587 2848 τῶν
608 2781 798 2867 Χριστιανῶν
823 2789 883 2848 τῶν
906 2783 1092 2868 κεφαλάδων
1113 2783 1192 2866 ἥκει.

179 2891 337 2972 ἐσὺμωσεν
360 2896 379 2975 ἡ
405 2892 498 2976 μέρα]
529 2896 683 2970 appetebat
711 2895 782 2952 dies.
818 2895 865 2952 De
887 2894 999 2969 origine
1020 2893 1104 2950 verbi
1123 2895 1191 2952 vide
1209 2914 1284 2970 quae

178 2999 241 3056 dixi
268 3002 305 3058 ad
328 3002 413 3060 Dem.
440 3001 472 3060 Z.
497 3003 640 3078 Paraphr.
668 3019 713 3060 vs.
736 3002 808 3061 240.
856 3001 958 3061 Codex
980 3000 1098 3057 exhibet
1118 2999 1194 3058 mele
1216 2998 1283 3082 ἐσή-

179 3127 281 3184 μωσεν
311 3105 424 3190 ἡμέρα,
452 3109 481 3167 in
510 3130 567 3185 quo
596 3111 899 3187 praeterquamquod
922 3110 1045 3166 verbum
1073 3108 1179 3166 rectius
1198 3110 1285 3167 scribi

177 3215 311 3273 convenit
338 3217 425 3275 simul
450 3217 590 3275 articulus
621 3219 711 3277 deest.
750 3217 946 3291 Quamobrem
966 3223 1017 3273 aut
1037 3214 1056 3293 ἡ
1077 3211 1180 3296 ἡμέρα
1201 3221 1285 3296 flagi·

177 3326 256 3376 tatur
274 3331 324 3380 aut
342 3321 493 3403 sejunctim
514 3323 534 3403 ἡ
556 3321 646 3408 μέρα,
668 3325 809 3401 siquidem
830 3323 861 3381 in
883 3323 1014 3383 citeriore
1036 3295 1203 3384 &iaecitate
1223 3327 1285 3387 dees

178 3425 265 3484 etiem
286 3423 365 3508 μέρα
388 3442 517 3490 vocatur.

262 3535 302 3593 V.
322 3537 372 3595 34.
418 3533 538 3621 ἔλαμψε
560 3537 612 3600 καὶ
634 3535 832 3620 ἐμάρφαισεν]
854 3539 1022 3610 emendavi3
1053 3536 1126 3598 Ood.
1147 3533 1283 3622 ἔλαμψεν

179 3637 373 3721 ἐμόρφωσεν.
412 3643 476 3702 tEst
497 3657 594 3707 autem
622 3642 803 3727 ἐμόρφωσεν
834 3647 889 3707 hoc
915 3648 978 3707 loco
999 3647 1075 3704 idem
1097 3647 1174 3720 quod
1197 3643 1284 3728 ἐμαρ-

180 3745 283 3829 φώθη.
334 3751 413 3808 Nam
441 3751 568 3827 plurima
594 3758 684 3815 verba
715 3754 794 3829 apud
815 3757 987 3816 recentiores
1010 3753 1140 3814 Graecos
1160 3753 1202 3811 sic
1222 3774 1286 3812 mu·

178 3863 277 3915 terunt
306 3857 511 3936 significatum,
534 3869 568 3920 ut
593 3882 684 3939 quum
716 3881 815 3920 eorum
844 3864 941 3922 media
962 3871 992 3923 et
1012 3861 1132 3940 passiva
1150 3862 1286 3938 usurpari

179 3962 271 4021 desita
292 3975 389 4024 essent
419 3974 471 4024 aut
497 3968 593 4028 minus
622 3988 708 4044 saepe
734 3988 820 4044 quam
847 3972 917 4028 olim
937 3969 1106 4030 audirentur
1125 3987 1159 4028 ac
1181 3970 1287 4028 scribe·

178 4079 295 4142 rentur‚
332 4074 427 4133 estiva
455 4074 573 4151 passivo
607 4076 771 4151 significatu
798 4079 1017 4140 invalescerent.
1057 4077 1162 4153 Neque
1188 4086 1287 4138 tamen

179 4175 308 4234 omnium
329 4183 482 4244 verborum
507 4202 568 4242 una
595 4184 753 4258 eademque
775 4186 850 4246 ratio
874 4194 927 4246 est.
980 4186 1098 4245 Etenim
1126 4185 1219 4244 medii.
1241 4186 1286 4245 vis

180 4282 286 4359 partim
307 4285 426 4360 passivo
452 4291 558 4365 partim
582 4291 677 4352 activo
706 4309 842 4354 concessa
867 4301 919 4352 est
970 4289 1168 4370 Quaecunque
1190 4301 1286 4352 eutem
