3066 5102
406 1220 888 1360 coumurlunouuu
903 1285 1311 1368 Brzlurmouuu
1357 1241 1361 1247 ²

623 1467 770 1524 LIBER
798 1461 1090 1532 SECUNDUS.

757 1650 955 1660 —·---·----

714 1796 834 1850 CAPUT
852 1799 1008 1854 PRIMUM.
1092 1853 1094 1858 .

305 1889 473 2014 Quantum
502 1929 645 1986 interdum
674 1929 770 1984 valeat
797 1932 835 1985 ad
863 1931 956 1985 fontes
983 1927 1061 2006 juris
1090 1930 1184 1985 civilis
1212 1933 1409 1994 Romanorum

300 2046 378 2094 reete
398 2035 628 2109 interpretandos
651 2031 829 2090 Graecorum
849 2034 1038 2108 interpretum
1058 2052 1123 2092 oum
1144 2035 1242 2093 latinia
1264 2034 1408 2110 juriscon-

301 2147 443 2203 eultorum
464 2138 561 2197 verbis
582 2139 771 2214 comparatio:
793 2141 854 2200 loeo
874 2141 998 2216 quodam
1012 2143 1200 2218 Digestorum
1212 2145 1409 2202 demonstrare

300 2249 444 2313 eonstitui.
493 2246 552 2305 Tit.
573 2247 661 2320 XVI,
686 2245 724 2307 25
757 2248 829 2307 haee
856 2249 1008 2326 leguntur:
1046 2249 1193 2324 „Quintus
1221 2251 1337 2309 Mucius
1358 2252 1408 2324 ait,

299 2359 391 2437 partis
411 2355 603 2432 appellatione
633 2375 694 2411 rem
723 2374 776 2430 pro
804 2357 929 2415 indiviso
951 2357 1116 2433 significari.
1158 2359 1238 2417 Nam
1261 2361 1338 2433 quod
1356 2379 1409 2435 pro

299 2466 393 2526 diviso
413 2469 545 2521 nostrum
565 2460 612 2534 eit,
634 2460 664 2518 id
686 2481 744 2519 non
763 2471 885 2538 partem,
911 2467 962 2523 aed
983 2473 1076 2524 totum
1097 2484 1169 2524 esse.
1208 2465 1328 2525 Servius
1349 2486 1408 2525 non

298 2574 478 2648 ineleganter
495 2569 587 2646 partis
606 2570 799 2645 appellatione
818 2581 973 2648 utrumque
996 2571 1178 2649 significari.’'
1192 2568 1198 2573 ’
1210 2582 1238 2631 et
1259 2574 1329 2633 ibid.
1348 2575 1407 2634 26:

298 2681 444 2757 Ulpianus
464 2677 515 2736 lib.
539 2678 575 2736 16
597 2677 635 2734 ed
655 2678 804 2737 Edictum:
832 2681 972 2754 „Partem
993 2700 1052 2740 non
1069 2699 1133 2740 esse
1152 2661 1264 2756 partem
1286 2682 1328 2740 rei
1345 2681 1405 2740 sur·

298 2792 385 2860 uvae,
410 2785 550 2846 Scaevola
573 2784 647 2842 libro
671 2787 822 2846 undecimo
850 2790 1053 2863 quaestionum
1080 2786 1205 2848 scribit?
1240 2789 1288 2849 Ae
1308 2789 1407 2865 priora

298 2897 415 2973 quidem
435 2894 525 2952 verbe
543 2901 602 2951 tam
623 2895 777 2970 perspicua
798 2902 875 2966 sunt,
896 2896 976 2954 nullo
998 2905 1032 2955 ut
1051 2896 1207 2971 interprete
1222 2904 1337 2972 egeant,
1355 2917 1405 2974 po·

234 3036 240 3049 x
299 3005 419 3064 steriora
441 3021 520 3074 vero,
546 3003 652 3078 quibus
678 3010 803 3077 partum·
817 3021 875 3060 non
897 3021 961 3061 esee
980 3011 1091 3078 partem
1113 3003 1156 3061 rei
1175 3003 1300 3062 furtivae
1319 3003 1405 3064 Scae-

298 3113 366 3172 vola
389 3109 521 3170 docuisse
545 3109 650 3180 fertur,
678 3109 816 3166 oonsultis
845 3109 960 3168 demum
990 3108 1168 3170 Graeoorum
1196 3112 1279 3170 libris
1299 3111 1405 3170 intelli·

298 3227 416 3298 guntur.
433 3273 445 3286 ,
456 3217 506 3276 Ex
523 3216 582 3274 illis
605 3234 650 3286 ea,
667 3233 743 3289 quae
756 3216 813 3274 huo
825 3216 971 3292 pertinent
986 3236 1161 3294 proponam:
1188 3217 1279 3294 Basil.
1302 3217 1352 3275 lib.
1371 3217 1406 3276 H

298 3329 357 3388 Tit.
384 3328 433 3399 11,
456 3323 750 3384 XXIII-XXIV
775 3343 804 3400 p.
823 3323 862 3382 43
894 3325 939 3382 ed.
966 3325 1083 3383 Heimb.
1111 3319 1203 3402 μέρος
1229 3321 1406 3403 πράγματός

299 3433 361 3496 ἐστι
382 3431 433 3493 καὶ
454 3430 487 3490 τδ
508 3428 538 3498 ἐξ
561 3425 733 3509 ἀδιαιρέτου
756 3427 805 3488 καὶ
823 3428 856 3488 τδ
882 3425 1074 3511 διῃρημένον.
1097 3423 1150 3492 κδ]
1172 3426 1187 3488 ὁ
1210 3427 1404 3508 reuertente
1520 3445 1521 3448 ’

297 3535 481 3619 κλοπιμαίας
501 3532 613 3614 δούλης
638 3531 693 3594 οὐκ
715 3529 778 3594 ἔστι
801 3531 892 3616 μέρος
914 3533 1016 3614 αὐτῆς.
1027 3537 1057 3622 i.
1069 3556 1094 3595 e.
1106 3543 1139 3594 ut
1150 3557 1234 3595 nemo
1246 3556 1303 3594 non
1315 3536 1404 3609 videt,

298 3650 378 3709 Pars
396 3651 441 3704 est
461 3649 527 3703 tam
542 3660 604 3720 pro
624 3640 756 3702 indiviso
776 3661 869 3720 quam
894 3660 953 3719 pro
981 3641 1084 3706 diue'so.
1138 3644 1258 3703 XXIV.
1287 3642 1404 3702 Partus

298 3753 433 3815 ancillae
442 3749 593 3830 fortuitae
606 3767 670 3809 non
688 3756 815 3829 estpars
836 3748 908 3829 αρἀι.
940 3750 1022 3826 Ergo
1033 3755 1111 3827 quod
1124 3753 1154 3811 iu
1166 3753 1257 3811 latino
1272 3751 1403 3827 exemplo

298 3869 343 3921 est
361 3860 411 3918 rai
419 3857 578 3938 furtivae,
607 3857 638 3915 id
665 3877 684 3915 a
709 3856 822 3917 Graeoo
853 3857 1009 3935 interprete
1037 3857 1208 3938 exprimitur
1234 3857 1331 3915 verbis
1350 3858 1403 3936 τῆς

297 3964 480 4046 κλοπιμαύας
511 3962 632 4045 δούλης.
674 3965 864 4025 Desideratur
891 3975 987 4026 autem
1010 3964 1123 4046 δούλης
1143 3966 1174 4022 in
1194 3962 1318 4040 Synope.
1339 3982 1402 4040 ουρ.

287 4077 337 4136 ·26
357 4095 387 4150 ρ.
413 4072 442 4134 7.
480 4072 656 4133 Scholiaatea
685 4092 753 4132 vero
777 4074 849 4132 haee
874 4073 915 4132 ait
935 4093 1003 4151 pag.
1025 4077 1064 4135 64
1093 4069 1124 4138 ἐξ
1147 4065 1336 4150 ἀδιαιρέτου]
1361 4063 1400 4131 Ὁ

296 4178 444 4247 Κούιντος
468 4176 604 4247 Μούκιος
634 4177 731 4262 ἔλεγε,
763 4184 802 4262 τῇ
830 4183 883 4242 τού
910 4178 1022 4262 μέρους
1043 4175 1227 4258 προςηηορέᾳ
1245 4176 1295 4238 καὶ
1314 4177 1348 4237 τὸ
1369 4175 1401 4244 ἐξ

297 4285 471 4370 ἀδιαιρέτου
499 4286 648 4351 ἐπίκοινον
671 4290 794 4370 πρᾶγμα
815 4286 1001 4368 δηλοῦσθαι·
1026 4283 1100 4366 ὅπερ
1124 4282 1180 4366 γὰρ
1204 4282 1238 4344 ἐκ
1257 4282 1400 4365 διηρημέ-
