3066 5102
616 419 767 526 Α

138 601 245 685 μισθὸν
266 601 405 682 καθάπερ
427 597 490 661 ἔδει
512 594 633 679 Μέγαν,
654 596 705 658 καὶ
728 595 822 658 καλὸν
848 590 972 677 ἰχθύαν·
995 587 1056 682 Καὶ
1076 592 1152 673 πρὸς
1173 589 1266 658 'coire'

136 707 381 790 ταριχοπούλοος
404 702 580 787 Ἀγυρτεύει
606 706 701 764 ταῦτα
723 700 832 782 λέγων,
858 697 935 762 Δότε
960 698 991 781 μ’
1013 698 1113 780 ὀλίγον
1136 699 1242 783 χαβιοί-

138 837 194 898 ριν,
219 811 267 875 Νὰ
283 812 430 894 πλανήοω
442 811 475 872 τὸ
494 808 594 893 dupio
612 830 682 891 μου,
701 811 752 869 ubi
773 806 882 891 ἰχθύαν
904 829 957 885 pro
971 805 1059 891 ἰχθύν
1073 808 1243 883 epiroticum

136 931 189 995 est,
209 922 343 997 quemvis
371 923 462 997 vulgo
491 917 597 979 Graeci
621 918 763 976 vocabulo
788 912 875 998 ἰχθύς
896 915 956 973 fere
977 916 1151 988 abstineant,
1175 917 1244 974 eub-

137 1030 236 1088 stituto
263 1029 293 1087 in
320 1028 382 1104 ejus
410 1003 505 1088 locum
529 1023 655 1108 ὀψάριον
683 1025 733 1103 (of.
761 1024 900 1084 Meuand.
924 1042 971 1099 ep.
995 1023 1103 1081 Athen.
1123 1023 1182 1094 IX,
1202 1021 1243 1083 35

136 1156 166 1213 p.
188 1135 263 1213 285)
290 1137 337 1193 vel
364 1134 447 1217 ψοίρι,
470 1153 560 1210 quum
583 1131 743 1192 Christiani
763 1131 865 1208 primis
885 1139 959 1207 post.
979 1128 1049 1189 Chr.
1070 1147 1099 1186 n.
1120 1129 1244 1188 saeculis

136 1243 240 1301 litteris
271 1261 287 1299 e
313 1243 420 1317 quibus
443 1249 556 1302 constat
584 1235 672 1321 ἰχθύς
700 1258 753 1316 pro
779 1238 910 1316 symbolo
943 1240 1098 1296 verborum
1125 1231 1245 1315 Ἰησοῦς

137 1343 269 1429 Χριστὸς
294 1344 375 1408 Θεοῦ
403 1347 467 1414 οἰὸς
494 1345 596 1428 σωτήρ
626 1347 673 1404 uei
698 1346 766 1404 siut.
812 1346 927 1404 Deinde
948 1340 1192 1427 ταριχοπούλους
1210 1351 1244 1402 ut

137 1473 180 1513 vs.
204 1455 262 1514 162
296 1452 513 1536 ἰχθυοπώλοος
532 1475 586 1530 pro
606 1449 813 1536 ἰχθυοπώλας,
843 1451 1059 1533 ταριχοπώλας
1082 1452 1151 1509 item
1172 1449 1244 1526 Epi-

133 1570 263 1620 rotarum
298 1563 417 1636 propria
446 1571 524 1633 sunt,
554 1561 611 1620 nisi
637 1562 714 1636 quod
743 1559 850 1620 πουλῶ
883 1579 937 1636 pro
968 1557 1065 1618 πωλῶ
1097 1563 1158 1617 tota
1184 1558 1244 1616 fere

137 1666 263 1727 Graecia
290 1665 408 1722 auditur
427 1684 461 1723 ao
476 1669 760 1743 ¹Ptochoprodromus
783 1667 870 1726 etiam
890 1668 941 1726 lib.
961 1669 979 1726 2
1001 1684 1046 1725 vs.
1069 1667 1129 1726 226
1151 1685 1181 1741 p.
1202 1666 1242 1725 23

134 1774 180 1832 ed.
201 1770 268 1831 Cor.
289 1769 536 1852 χαβναροποῦλοι
558 1772 577 1829 i.
588 1791 614 1830 e.
633 1771 871 1855 χαβιαροπῶλαι
891 1771 968 1830 dicit.
1009 1773 1059 1829 Ex
1077 1769 1245 1852 hujusmodi

133 1881 225 1958 igitur
248 1877 442 1937 monumentis
472 1876 558 1936 etiam
585 1897 663 1937 nunc
691 1881 835 1955 permulta
861 1897 956 1954 neque
977 1877 1093 1954 cognita
1109 1877 1244 1938 omuibus

134 2006 228 2063 neque
250 1993 403 2061 perspecta
420 1984 501 2042 nullo
520 1985 636 2060 negotio
660 1994 759 2062 petere
778 1988 853 2046 licet.

218 2094 257 2152 V.
279 2092 329 2151 60.
372 2087 551 2172 νλαιόρενη,
571 2087 759 2174 ὀδυρόμενη]
785 2097 912 2167 correxi3
941 2091 1043 2154 Codex
1066 2088 1243 2172 κλαιόμενοι

137 2196 328 2281 ὀδυρόμενοι.
369 2197 467 2272 Quum
487 2172 585 2258 eutem
605 2199 790 2275 participium
812 2202 850 2258 ad
874 2201 1033 2260 Saracenos
1054 2208 1179 2275 nequeat
1198 2218 1244 2258 re-

134 2308 213 2378 ferri,
240 2307 291 2364 sed
320 2305 464 2364 sententia
493 2306 607 2383 flagitet
630 2303 796 2388 κλαιομένη
823 2307 842 2364 i.
865 2327 890 2364 e.
909 2303 1070 2381 κλαίουσα,
1091 2313 1121 2363 et
1138 2303 1243 2385 ὀδορο·

136 2411 225 2495 μένη,
255 2421 379 2472 metrum
414 2433 483 2472 vero
519 2423 671 2473 accentum
702 2414 733 2472 iu
760 2413 987 2490 antepenultima
1013 2413 1083 2490 poni
1108 2412 1245 2489 postulet,

135 2518 302 2600 κλαιόμενη
325 2528 354 2577 et
374 2517 545 2601 ὀδυρόμενη
569 2522 680 2598 scripsi.
697 2555 736 2566 -
755 2517 940 2601 θλνμρένοο]
963 2519 1130 2591 emendavi3
1143 2517 1244 2579 Codex

134 2626 294 2708 λλλιρένοο.

218 2737 258 2795 V.
278 2737 328 2796 61.
371 2733 424 2814 τὴν
459 2735 601 2817 ταπεινὴν
631 2735 670 2816 μὲ
694 2733 839 2818 ἀφεῖλας]
871 2736 975 2811 scripsi
1007 2755 1045 2794 ex
1077 2735 1244 2795 recentioris

126 2845 255 2922 ¹linguae
285 2844 417 2920 legibus3
452 2841 505 2923 τὴν
534 2816 746 2923 ταπεινήῖμε
774 2841 905 2925 ἀφεῖλας
932 2841 1042 2905 Codex.
1086 2842 1145 2904 Sed
1170 2843 1244 2902 iilud

4 3020 9 3029 .
136 2950 331 3052 pejpeitne
363 2951 610 3028 pronuntiandum
645 2958 678 3008 ut
710 2949 914 3052 ptj'tpeitun
948 2951 1031 3026 cujus
1062 2952 1125 3010 loco
1157 2950 1244 3010 etiam

136 3055 168 3139 μ’
192 3055 326 3139 ἀφεῖλας
346 3060 416 3134 poni
436 3067 557 3137 poterat.

219 3167 259 3225 V.
280 3166 330 3226 62.
374 3165 523 3246 καμένην]
558 3168 647 3242 vulgo
674 3151 761 3224 nuuc
777 3163 932 3248 καϋμένην
955 3165 974 3225 i.
994 3185 1020 3224 e.
1039 3161 1158 3242 ἀθλίαν,
1177 3185 1244 3243 pro·

134 3276 200 3350 prie
219 3271 421 3355 κενουμένην.

220 3380 260 3438 V.
283 3382 332 3438 63.
376 3377 425 3440 ὅτι
447 3375 605 3458 ἐοωθην“
591 3399 611 3456 η
607 3377 897 3480 ἐλεεινὴ]οοι·ῐροὶ;
904 3378 980 3439 Ood.
969 3381 1142 3462 ,ονοίοοοτῳ
1128 3377 1244 3462 ὑφέν.

219 3485 260 3545 V.
281 3485 331 3543 64.
375 3484 458 3545 oid'
479 3483 584 3565 ἄθεοι]
604 3487 724 3565 scripsi;
745 3486 847 3548 Oodex
870 3484 899 3546 oi
920 3483 1071 3547 derideor.

219 3591 258 3651 V.
277 3592 329 3652 66.
372 3589 431 3650 ‘td'
437 3591 586 3676 βρενινόν]
609 3594 728 3671 seripsi;
749 3593 783 3654 τὸ
808 3590 958 3675 ediscendo
982 3593 1094 3655 Codex.
1134 3592 1245 3655 Similis

136 3700 259 3758 aliarum
286 3715 391 3757 vocum
417 3700 583 3774 aphaeresis
608 3712 662 3777 est,
688 3721 761 3784 quas
782 3701 928 3780 congessit
954 3701 1090 3761 Reiekim
1110 3701 1148 3760 ed
1170 3701 1245 3761 Cou-

137 3806 258 3866 stantini
276 3804 490 3865 caerimoniele
512 3829 541 3886 p.
562 3811 634 3885 671,
656 3812 707 3888 qui
728 3819 825 3871 tamen
843 3831 996 3889 perperam
1017 3812 1054 3870 de
1071 3809 1245 3886 quibusdam

135 3914 286 3976 vocabulis
299 3914 421 3992 judicat.

218 4023 258 4083 V.
279 4025 331 4084 68.
377 4019 523 4106 φέρνοον]
541 4025 670 4097 correxi;
699 4023 831 4107 φόρνοον
859 4025 969 4086 Codex.
1019 4023 1069 4085 Sic
1094 4043 1138 4084 rs.
1163 4021 1244 4084 1566

137 4125 288 4208 μαζόνοον
315 4151 353 4192 τα
384 4130 444 4194 ἀπὸ
477 4135 606 4208 itermod,
643 4130 693 4193 τὸν
727 4131 848 4214 ἀμηρᾶν
876 4153 913 4193 τα
944 4129 1073 4213 φέρνοον
1106 4139 1135 4189 et
1163 4125 1244 4190 1616

137 4231 268 4316 φέρνοον
299 4233 545 4322 ἀποοτειλοὶμενα
572 4237 609 4300 τὰ
638 4235 715 4322 ῥόδα
745 4237 788 4305 εἰς
812 4237 864 4302 τὸν
885 4236 1008 4320 πύργον.
1050 4239 1245 4315 Neque'vero

136 4337 239 4424 ρέρνω
262 4343 367 4416 solum,
397 4349 448 4404 ssd
477 4352 565 4410 etiam
591 4346 676 4432 φέρω
700 4357 824 4426 usurpat
849 4354 942 4425 poeta.
977 4346 1032 4406 Vs.
1055 4345 1134 4406 1715
1155 4363 1244 4405 onoc·

982 4456 1002 4514 4
