<?xml version="1.0" encoding="UTF-8"?>
<!DOCTYPE html PUBLIC "-//W3C//DTD XHTML 1.0 Transitional//EN"
    "http://www.w3.org/TR/xhtml1/DTD/xhtml1-transitional.dtd">
<html xmlns="http://www.w3.org/1999/xhtml" xml:lang="en" lang="en">
 <head>
  <title>
</title>
<meta http-equiv="Content-Type" content="text/html;charset=utf-8" />
  <meta name='ocr-system' content='tesseract 3.04.00' />
  <meta name='ocr-capabilities' content='ocr_page ocr_carea ocr_par ocr_line ocrx_word'/>
</head>
<body>
  <div class='ocr_page' id='page_1' title='image "./conjectaneorumb00mullgoog_0018.png"; bbox 0 0 3066 5102; ppageno 0'>
   <div class='ocr_carea' id='block_1_1' title="bbox 598 370 748 460">
    <p class='ocr_par' dir='ltr' id='par_1_1' title="bbox 598 370 748 460">
     <span class='ocr_line' id='line_1_1' title="bbox 598 370 748 460; baseline 0.013 -1"><span class='ocrx_word' id='word_1_1' title='bbox 598 370 748 460; x_wconf 51' lang='lat' dir='ltr'><strong>A.</strong></span> 
     </span>
    </p>
   </div>
   <div class='ocr_carea' id='block_1_2' title="bbox 64 545 1232 3766">
    <p class='ocr_par' dir='ltr' id='par_1_2' title="bbox 111 545 1232 3005">
     <span class='ocr_line' id='line_1_2' title="bbox 201 545 1231 630; baseline -0.01 -8"><span class='ocrx_word' id='word_1_2' title='bbox 201 563 285 622; x_wconf 87' lang='lat' dir='ltr'><strong>Nihil</strong></span> <span class='ocrx_word' id='word_1_3' title='bbox 307 561 355 618; x_wconf 86' lang='lat' dir='ltr'><strong>hio</strong></span> <span class='ocrx_word' id='word_1_4' title='bbox 375 554 489 616; x_wconf 82' lang='lat' dir='ltr'><strong>difficile</strong></span> <span class='ocrx_word' id='word_1_5' title='bbox 511 559 626 629; x_wconf 81' lang='lat' dir='ltr'><strong>praeter</strong></span> <span class='ocrx_word' id='word_1_6' title='bbox 646 551 769 608; x_wconf 85' lang='lat' dir='ltr'><strong>verbum</strong></span> <span class='ocrx_word' id='word_1_7' title='bbox 788 545 1024 628; x_wconf 60' lang='lat' dir='ltr'><strong>recrearemur,</strong></span> <span class='ocrx_word' id='word_1_8' title='bbox 1050 554 1127 626; x_wconf 88' lang='lat' dir='ltr'><strong>quod</strong></span> <span class='ocrx_word' id='word_1_9' title='bbox 1148 571 1231 630; x_wconf 82' lang='lat' dir='ltr'><strong>grae·</strong></span> 
     </span>
     <span class='ocr_line' id='line_1_3' title="bbox 119 657 1231 742; baseline -0.01 -9"><span class='ocrx_word' id='word_1_10' title='bbox 119 692 184 732; x_wconf 90' lang='lat' dir='ltr'><strong>cum</strong></span> <span class='ocrx_word' id='word_1_11' title='bbox 217 690 282 730; x_wconf 84' lang='lat' dir='ltr'><strong>esse</strong></span> <span class='ocrx_word' id='word_1_12' title='bbox 317 685 401 742; x_wconf 84' lang='lat' dir='ltr'><strong>nego.</strong></span> <span class='ocrx_word' id='word_1_13' title='bbox 456 663 502 722; x_wconf 90' lang='lat' dir='ltr'><strong>De</strong></span> <span class='ocrx_word' id='word_1_14' title='bbox 531 663 586 720; x_wconf 88' lang='lat' dir='ltr'><strong>hoc</strong></span> <span class='ocrx_word' id='word_1_15' title='bbox 619 659 661 718; x_wconf 88' lang='lat' dir='ltr'><strong>sic</strong></span> <span class='ocrx_word' id='word_1_16' title='bbox 692 662 900 716; x_wconf 83' lang='lat' dir='ltr'><strong>commentatur</strong></span> <span class='ocrx_word' id='word_1_17' title='bbox 922 657 968 714; x_wconf 89' lang='lat' dir='ltr'><strong>vir</strong></span> <span class='ocrx_word' id='word_1_18' title='bbox 1003 660 1231 724; x_wconf 82' lang='lat' dir='ltr'><strong>eruditissimus:</strong></span> 
     </span>
     <span class='ocr_line' id='line_1_4' title="bbox 121 761 1228 858; baseline -0.007 -20"><span class='ocrx_word' id='word_1_19' title='bbox 121 779 222 858; x_wconf 74' lang='grc' dir='ltr'>ἀγνοῶ</span> <span class='ocrx_word' id='word_1_20' title='bbox 251 775 303 856; x_wconf 77' lang='grc' dir='ltr'><strong>τὴν</strong></span> <span class='ocrx_word' id='word_1_21' title='bbox 334 770 412 840; x_wconf 75' lang='grc' dir='ltr'>λέξιν</span> <span class='ocrx_word' id='word_1_22' title='bbox 439 766 676 848; x_wconf 76' lang='grc' dir='ltr'><strong>πεοκαντάρουν.</strong></span> <span class='ocrx_word' id='word_1_23' title='bbox 727 761 785 826; x_wconf 81' lang='grc' dir='ltr'><strong>Ἂν</strong></span> <span class='ocrx_word' id='word_1_24' title='bbox 818 761 889 844; x_wconf 80' lang='grc' dir='ltr'>ἧναι</span> <span class='ocrx_word' id='word_1_25' title='bbox 927 762 986 824; x_wconf 84' lang='grc' dir='ltr'><strong>ἀπὸ</strong></span> <span class='ocrx_word' id='word_1_26' title='bbox 1020 764 1054 825; x_wconf 85' lang='grc' dir='ltr'><strong>τὸ</strong></span> <span class='ocrx_word' id='word_1_27' title='bbox 1082 763 1228 830; x_wconf 81' lang='grc' dir='ltr'>Ἰταλικὸν</span> 
     </span>
     <span class='ocr_line' id='line_1_5' title="bbox 119 871 1229 964; baseline -0.005 -23"><span class='ocrx_word' id='word_1_28' title='bbox 119 905 251 962; x_wconf 82' lang='lat' dir='ltr'><strong>peecare,</strong></span> <span class='ocrx_word' id='word_1_29' title='bbox 276 881 416 964; x_wconf 77' lang='grc' dir='ltr'>σημαίνει</span> <span class='ocrx_word' id='word_1_30' title='bbox 439 877 472 938; x_wconf 84' lang='grc' dir='ltr'><strong>νὲ</strong></span> <span class='ocrx_word' id='word_1_31' title='bbox 490 875 528 957; x_wconf 83' lang='grc' dir='ltr'><strong>μὲ</strong></span> <span class='ocrx_word' id='word_1_32' title='bbox 550 871 744 956; x_wconf 83' lang='grc' dir='ltr'>ὀψαρεύωοι,</span> <span class='ocrx_word' id='word_1_33' title='bbox 773 874 1002 952; x_wconf 81' lang='grc' dir='ltr'>μεταφορικῶς,</span> <span class='ocrx_word' id='word_1_34' title='bbox 1024 871 1062 932; x_wconf 86' lang='grc' dir='ltr'><strong>νὰ</strong></span> <span class='ocrx_word' id='word_1_35' title='bbox 1086 872 1124 953; x_wconf 84' lang='grc' dir='ltr'><strong>μὲ</strong></span> <span class='ocrx_word' id='word_1_36' title='bbox 1147 873 1229 955; x_wconf 79' lang='grc' dir='ltr'>ἐρευ-</span> 
     </span>
     <span class='ocr_line' id='line_1_6' title="bbox 120 977 1229 1072; baseline -0.007 -20"><span class='ocrx_word' id='word_1_37' title='bbox 120 996 205 1064; x_wconf 85' lang='grc' dir='ltr'>νῶσι,</span> <span class='ocrx_word' id='word_1_38' title='bbox 228 991 388 1072; x_wconf 75' lang='grc' dir='ltr'>ζητοῦντες</span> <span class='ocrx_word' id='word_1_39' title='bbox 409 983 447 1046; x_wconf 83' lang='grc' dir='ltr'><strong>νὰ</strong></span> <span class='ocrx_word' id='word_1_40' title='bbox 469 987 528 1066; x_wconf 71' lang='lat' dir='ltr'><strong>poi</strong></span> <span class='ocrx_word' id='word_1_41' title='bbox 552 979 667 1063; x_wconf 83' lang='grc' dir='ltr'>ούρωσι</span> <span class='ocrx_word' id='word_1_42' title='bbox 697 977 807 1060; x_wconf 74' lang='grc' dir='ltr'>λόγους</span> <span class='ocrx_word' id='word_1_43' title='bbox 829 979 880 1040; x_wconf 81' lang='grc' dir='ltr'><strong>καὶ</strong></span> <span class='ocrx_word' id='word_1_44' title='bbox 904 977 1138 1062; x_wconf 76' lang='grc' dir='ltr'>ἐξομολογήσεις</span> <span class='ocrx_word' id='word_1_45' title='bbox 1159 984 1229 1068; x_wconf 86' lang='grc' dir='ltr'>βλα-</span> 
     </span>
     <span class='ocr_line' id='line_1_7' title="bbox 120 1088 1229 1182; baseline -0.005 -23"><span class='ocrx_word' id='word_1_46' title='bbox 120 1097 211 1182; x_wconf 81' lang='grc' dir='ltr'>βερὰς</span> <span class='ocrx_word' id='word_1_47' title='bbox 233 1097 276 1162; x_wconf 82' lang='grc' dir='ltr'><strong>εἰς</strong></span> <span class='ocrx_word' id='word_1_48' title='bbox 300 1093 364 1176; x_wconf 83' lang='grc' dir='ltr'>ἐμέ.</span> <span class='ocrx_word' id='word_1_49' title='bbox 416 1095 528 1153; x_wconf 87' lang='lat' dir='ltr'><strong>Verum</strong></span> <span class='ocrx_word' id='word_1_50' title='bbox 551 1091 665 1150; x_wconf 78' lang='lat' dir='ltr'><strong>etiamsi</strong></span> <span class='ocrx_word' id='word_1_51' title='bbox 684 1088 793 1150; x_wconf 83' lang='lat' dir='ltr'><strong>Coraes</strong></span> <span class='ocrx_word' id='word_1_52' title='bbox 818 1089 876 1147; x_wconf 91' lang='lat' dir='ltr'><strong>vim</strong></span> <span class='ocrx_word' id='word_1_53' title='bbox 901 1089 984 1148; x_wconf 86' lang='lat' dir='ltr'><strong>verbi</strong></span> <span class='ocrx_word' id='word_1_54' title='bbox 1003 1091 1229 1173; x_wconf 83' lang='grc' dir='ltr'>ποσκαντοίρουν</span> 
     </span>
     <span class='ocr_line' id='line_1_8' title="bbox 118 1199 1231 1284; baseline -0.004 -18"><span class='ocrx_word' id='word_1_55' title='bbox 118 1207 330 1284; x_wconf 74' lang='lat' dir='ltr'><strong>perspexisset,</strong></span> <span class='ocrx_word' id='word_1_56' title='bbox 359 1213 456 1262; x_wconf 88' lang='lat' dir='ltr'><strong>tamen</strong></span> <span class='ocrx_word' id='word_1_57' title='bbox 478 1202 559 1260; x_wconf 91' lang='lat' dir='ltr'><strong>nullo</strong></span> <span class='ocrx_word' id='word_1_58' title='bbox 582 1200 667 1258; x_wconf 90' lang='lat' dir='ltr'><strong>modo</strong></span> <span class='ocrx_word' id='word_1_59' title='bbox 688 1200 844 1258; x_wconf 86' lang='lat' dir='ltr'><strong>barbarum</strong></span> <span class='ocrx_word' id='word_1_60' title='bbox 866 1199 920 1256; x_wconf 86' lang='lat' dir='ltr'><strong>hoc</strong></span> <span class='ocrx_word' id='word_1_61' title='bbox 937 1200 1059 1258; x_wconf 87' lang='lat' dir='ltr'><strong>verbum</strong></span> <span class='ocrx_word' id='word_1_62' title='bbox 1077 1219 1114 1258; x_wconf 89' lang='lat' dir='ltr'><strong>ex</strong></span> <span class='ocrx_word' id='word_1_63' title='bbox 1134 1201 1231 1262; x_wconf 71' lang='lat' dir='ltr'><strong>italico</strong></span> 
     </span>
     <span class='ocr_line' id='line_1_9' title="bbox 113 1306 1232 1393; baseline -0.005 -19"><span class='ocrx_word' id='word_1_64' title='bbox 113 1333 240 1393; x_wconf 73' lang='lat' dir='ltr'><strong>peccare</strong></span> <span class='ocrx_word' id='word_1_65' title='bbox 262 1313 331 1373; x_wconf 91' lang='lat' dir='ltr'><strong>oriri</strong></span> <span class='ocrx_word' id='word_1_66' title='bbox 352 1321 459 1389; x_wconf 76' lang='lat' dir='ltr'><strong>posses.</strong></span> <span class='ocrx_word' id='word_1_67' title='bbox 506 1309 623 1369; x_wconf 86' lang='lat' dir='ltr'><strong>Etenim</strong></span> <span class='ocrx_word' id='word_1_68' title='bbox 640 1309 731 1366; x_wconf 88' lang='lat' dir='ltr'><strong>verba</strong></span> <span class='ocrx_word' id='word_1_69' title='bbox 750 1307 842 1366; x_wconf 86' lang='lat' dir='ltr'><strong>latina</strong></span> <span class='ocrx_word' id='word_1_70' title='bbox 860 1314 889 1365; x_wconf 81' lang='lat' dir='ltr'><strong>et</strong></span> <span class='ocrx_word' id='word_1_71' title='bbox 908 1306 1018 1379; x_wconf 82' lang='lat' dir='ltr'><strong>italica,</strong></span> <span class='ocrx_word' id='word_1_72' title='bbox 1040 1326 1115 1382; x_wconf 87' lang='lat' dir='ltr'><strong>quae</strong></span> <span class='ocrx_word' id='word_1_73' title='bbox 1136 1310 1232 1368; x_wconf 87' lang='lat' dir='ltr'><strong>media</strong></span> 
     </span>
     <span class='ocr_line' id='line_1_10' title="bbox 118 1413 1230 1498; baseline -0.004 -17"><span class='ocrx_word' id='word_1_74' title='bbox 118 1431 214 1481; x_wconf 81' lang='lat' dir='ltr'><strong>aetate</strong></span> <span class='ocrx_word' id='word_1_75' title='bbox 238 1423 267 1480; x_wconf 90' lang='lat' dir='ltr'><strong>in</strong></span> <span class='ocrx_word' id='word_1_76' title='bbox 290 1439 426 1498; x_wconf 78' lang='lat' dir='ltr'><strong>graecam</strong></span> <span class='ocrx_word' id='word_1_77' title='bbox 447 1419 579 1496; x_wconf 86' lang='lat' dir='ltr'><strong>linguam</strong></span> <span class='ocrx_word' id='word_1_78' title='bbox 604 1418 800 1492; x_wconf 83' lang='lat' dir='ltr'><strong>irrepserunt,</strong></span> <span class='ocrx_word' id='word_1_79' title='bbox 826 1413 931 1490; x_wconf 87' lang='lat' dir='ltr'><strong>partim</strong></span> <span class='ocrx_word' id='word_1_80' title='bbox 953 1434 971 1472; x_wconf 88' lang='lat' dir='ltr'><strong>a</strong></span> <span class='ocrx_word' id='word_1_81' title='bbox 993 1417 1105 1492; x_wconf 81' lang='lat' dir='ltr'>supinis</span> <span class='ocrx_word' id='word_1_82' title='bbox 1125 1418 1230 1493; x_wconf 83' lang='lat' dir='ltr'><strong>partim</strong></span> 
     </span>
     <span class='ocr_line' id='line_1_11' title="bbox 118 1523 1231 1604; baseline -0.004 -15"><span class='ocrx_word' id='word_1_83' title='bbox 118 1533 154 1590; x_wconf 87' lang='lat' dir='ltr'><strong>ab</strong></span> <span class='ocrx_word' id='word_1_84' title='bbox 175 1531 339 1591; x_wconf 76' lang='lat' dir='ltr'><strong>indicativia</strong></span> <span class='ocrx_word' id='word_1_85' title='bbox 356 1530 403 1588; x_wconf 90' lang='lat' dir='ltr'><strong>vel</strong></span> <span class='ocrx_word' id='word_1_86' title='bbox 425 1526 578 1586; x_wconf 80' lang='lat' dir='ltr'><strong>infinitivis</strong></span> <span class='ocrx_word' id='word_1_87' title='bbox 597 1525 757 1604; x_wconf 86' lang='lat' dir='ltr'><strong>praesentis</strong></span> <span class='ocrx_word' id='word_1_88' title='bbox 778 1523 903 1583; x_wconf 86' lang='lat' dir='ltr'><strong>oriunda</strong></span> <span class='ocrx_word' id='word_1_89' title='bbox 922 1533 998 1582; x_wconf 84' lang='lat' dir='ltr'><strong>sunt.</strong></span> <span class='ocrx_word' id='word_1_90' title='bbox 1034 1526 1100 1584; x_wconf 87' lang='lat' dir='ltr'><strong>Hac</strong></span> <span class='ocrx_word' id='word_1_91' title='bbox 1120 1527 1231 1585; x_wconf 86' lang='lat' dir='ltr'><strong>ratione</strong></span> 
     </span>
     <span class='ocr_line' id='line_1_12' title="bbox 119 1628 1230 1715; baseline -0.001 -21"><span class='ocrx_word' id='word_1_92' title='bbox 119 1657 135 1694; x_wconf 88' lang='lat' dir='ltr'><strong>e</strong></span> <span class='ocrx_word' id='word_1_93' title='bbox 159 1639 263 1713; x_wconf 89' lang='lat' dir='ltr'><strong>supino</strong></span> <span class='ocrx_word' id='word_1_94' title='bbox 290 1639 415 1696; x_wconf 79' lang='lat' dir='ltr'><strong>missam</strong></span> <span class='ocrx_word' id='word_1_95' title='bbox 442 1639 475 1694; x_wconf 86' lang='lat' dir='ltr'><strong>fit</strong></span> <span class='ocrx_word' id='word_1_96' title='bbox 503 1632 638 1715; x_wconf 79' lang='grc' dir='ltr'>μιοοεόω</span> <span class='ocrx_word' id='word_1_97' title='bbox 659 1628 804 1712; x_wconf 82' lang='grc' dir='ltr'>(μισεύω)</span> <span class='ocrx_word' id='word_1_98' title='bbox 828 1631 892 1706; x_wconf 88' lang='lat' dir='ltr'><strong>jam</strong></span> <span class='ocrx_word' id='word_1_99' title='bbox 921 1633 999 1710; x_wconf 89' lang='lat' dir='ltr'><strong>apud</strong></span> <span class='ocrx_word' id='word_1_100' title='bbox 1021 1634 1230 1710; x_wconf 85' lang='lat' dir='ltr'><strong>Theophanem</strong></span> 
     </span>
     <span class='ocr_line' id='line_1_13' title="bbox 118 1737 1231 1818; baseline 0 -16"><span class='ocrx_word' id='word_1_101' title='bbox 118 1764 165 1802; x_wconf 86' lang='lat' dir='ltr'><strong>an.</strong></span> <span class='ocrx_word' id='word_1_102' title='bbox 178 1744 399 1815; x_wconf 68' lang='lat' dir='ltr'><strong>assassinium,</strong></span> <span class='ocrx_word' id='word_1_103' title='bbox 421 1741 572 1802; x_wconf 79' lang='lat' dir='ltr'><strong>traditam</strong></span> <span class='ocrx_word' id='word_1_104' title='bbox 593 1741 696 1800; x_wconf 81' lang='lat' dir='ltr'><strong>transit</strong></span> <span class='ocrx_word' id='word_1_105' title='bbox 717 1740 746 1796; x_wconf 90' lang='lat' dir='ltr'><strong>in</strong></span> <span class='ocrx_word' id='word_1_106' title='bbox 768 1737 935 1818; x_wconf 84' lang='grc' dir='ltr'>τραδιτεύω</span> <span class='ocrx_word' id='word_1_107' title='bbox 959 1761 1005 1818; x_wconf 89' lang='lat' dir='ltr'><strong>ap.</strong></span> <span class='ocrx_word' id='word_1_108' title='bbox 1029 1740 1126 1801; x_wconf 85' lang='lat' dir='ltr'><strong>Sehol.</strong></span> <span class='ocrx_word' id='word_1_109' title='bbox 1139 1743 1231 1802; x_wconf 85' lang='lat' dir='ltr'><strong>Basil.</strong></span> 
     </span>
     <span class='ocr_line' id='line_1_14' title="bbox 117 1845 1229 1930; baseline -0.001 -21"><span class='ocrx_word' id='word_1_110' title='bbox 117 1853 168 1910; x_wconf 89' lang='lat' dir='ltr'><strong>lib.</strong></span> <span class='ocrx_word' id='word_1_111' title='bbox 188 1853 236 1923; x_wconf 85' lang='grc' dir='ltr'><strong>ΙΙ,</strong></span> <span class='ocrx_word' id='word_1_112' title='bbox 270 1851 460 1911; x_wconf 78' lang='lat' dir='ltr'><strong>translatam</strong></span> <span class='ocrx_word' id='word_1_113' title='bbox 493 1851 523 1907; x_wconf 91' lang='lat' dir='ltr'><strong>in</strong></span> <span class='ocrx_word' id='word_1_114' title='bbox 555 1845 769 1930; x_wconf 78' lang='grc' dir='ltr'>τρανολατεύω</span> <span class='ocrx_word' id='word_1_115' title='bbox 799 1856 927 1908; x_wconf 83' lang='lat' dir='ltr'><strong>mutatur</strong></span> <span class='ocrx_word' id='word_1_116' title='bbox 955 1850 986 1908; x_wconf 91' lang='lat' dir='ltr'><strong>in</strong></span> <span class='ocrx_word' id='word_1_117' title='bbox 1013 1849 1111 1910; x_wconf 86' lang='lat' dir='ltr'><strong>Gloss.</strong></span> <span class='ocrx_word' id='word_1_118' title='bbox 1138 1851 1229 1910; x_wconf 82' lang='lat' dir='ltr'><strong>Basih</strong></span> 
     </span>
     <span class='ocr_line' id='line_1_15' title="bbox 118 1954 1228 2040; baseline 0.001 -22"><span class='ocrx_word' id='word_1_119' title='bbox 118 1959 175 2018; x_wconf 84' lang='lat' dir='ltr'><strong>Sed</strong></span> <span class='ocrx_word' id='word_1_120' title='bbox 197 1979 213 2016; x_wconf 93' lang='lat' dir='ltr'><strong>e</strong></span> <span class='ocrx_word' id='word_1_121' title='bbox 231 1958 343 2034; x_wconf 85' lang='lat' dir='ltr'><strong>supinis</strong></span> <span class='ocrx_word' id='word_1_122' title='bbox 362 1961 520 2018; x_wconf 75' lang='lat' dir='ltr'><strong>armatum</strong></span> <span class='ocrx_word' id='word_1_123' title='bbox 543 1966 572 2014; x_wconf 83' lang='lat' dir='ltr'><strong>et</strong></span> <span class='ocrx_word' id='word_1_124' title='bbox 592 1963 710 2016; x_wconf 80' lang='lat' dir='ltr'><strong>tentam</strong></span> <span class='ocrx_word' id='word_1_125' title='bbox 731 1957 859 2015; x_wconf 61' lang='lat' dir='ltr'><strong>nasetur</strong></span> <span class='ocrx_word' id='word_1_126' title='bbox 879 1954 1026 2037; x_wconf 73' lang='lat' dir='ltr'><strong>cippario</strong></span> <span class='ocrx_word' id='word_1_127' title='bbox 1048 1959 1111 2019; x_wconf 88' lang='lat' dir='ltr'><strong>sive</strong></span> <span class='ocrx_word' id='word_1_128' title='bbox 1133 1957 1228 2040; x_wconf 80' lang='grc' dir='ltr'><strong>ἅρμα-</strong></span> 
     </span>
     <span class='ocr_line' id='line_1_16' title="bbox 117 2063 1227 2146; baseline 0.004 -21"><span class='ocrx_word' id='word_1_129' title='bbox 117 2064 196 2126; x_wconf 86' lang='grc' dir='ltr'>τόνω</span> <span class='ocrx_word' id='word_1_130' title='bbox 223 2063 286 2146; x_wconf 86' lang='lat' dir='ltr'><strong>jam</strong></span> <span class='ocrx_word' id='word_1_131' title='bbox 318 2066 396 2142; x_wconf 90' lang='lat' dir='ltr'><strong>apud</strong></span> <span class='ocrx_word' id='word_1_132' title='bbox 428 2067 637 2140; x_wconf 83' lang='lat' dir='ltr'><strong>Theophanem</strong></span> <span class='ocrx_word' id='word_1_133' title='bbox 667 2084 734 2123; x_wconf 87' lang='lat' dir='ltr'><strong>ann.</strong></span> <span class='ocrx_word' id='word_1_134' title='bbox 760 2065 799 2124; x_wconf 85' lang='lat'><strong>22</strong></span> <span class='ocrx_word' id='word_1_135' title='bbox 830 2063 1007 2145; x_wconf 83' lang='lat' dir='ltr'><strong>Oopronymi</strong></span> <span class='ocrx_word' id='word_1_136' title='bbox 1038 2076 1066 2126; x_wconf 85' lang='lat' dir='ltr'><strong>et</strong></span> <span class='ocrx_word' id='word_1_137' title='bbox 1097 2066 1227 2129; x_wconf 70' lang='lat' dir='ltr'><strong>revehens</strong></span> 
     </span>
     <span class='ocr_line' id='line_1_17' title="bbox 117 2171 1229 2254; baseline 0.004 -22"><span class='ocrx_word' id='word_1_138' title='bbox 117 2174 194 2249; x_wconf 88' lang='lat' dir='ltr'><strong>apud</strong></span> <span class='ocrx_word' id='word_1_139' title='bbox 213 2174 327 2233; x_wconf 88' lang='lat' dir='ltr'><strong>Ducam</strong></span> <span class='ocrx_word' id='word_1_140' title='bbox 345 2173 413 2230; x_wconf 78' lang='lat' dir='ltr'><strong>hist.</strong></span> <span class='ocrx_word' id='word_1_141' title='bbox 438 2190 501 2246; x_wconf 80' lang='lat' dir='ltr'><strong>cap.</strong></span> <span class='ocrx_word' id='word_1_142' title='bbox 521 2172 569 2228; x_wconf 85' lang='lat'><strong>17.</strong></span> <span class='ocrx_word' id='word_1_143' title='bbox 618 2171 729 2230; x_wconf 77' lang='lat' dir='ltr'><strong>Contra</strong></span> <span class='ocrx_word' id='word_1_144' title='bbox 749 2194 766 2231; x_wconf 90' lang='lat' dir='ltr'><strong>e</strong></span> <span class='ocrx_word' id='word_1_145' title='bbox 792 2179 931 2232; x_wconf 81' lang='lat' dir='ltr'><strong>constare</strong></span> <span class='ocrx_word' id='word_1_146' title='bbox 956 2175 1039 2251; x_wconf 90' lang='lat' dir='ltr'><strong>prius</strong></span> <span class='ocrx_word' id='word_1_147' title='bbox 1063 2178 1229 2254; x_wconf 86' lang='lat' dir='ltr'><strong>fingebatur</strong></span> 
     </span>
     <span class='ocr_line' id='line_1_18' title="bbox 117 2277 1226 2354; baseline 0.003 -14"><span class='ocrx_word' id='word_1_148' title='bbox 117 2277 253 2340; x_wconf 81' lang='grc' dir='ltr'>κοστεύω</span> <span class='ocrx_word' id='word_1_149' title='bbox 281 2281 360 2354; x_wconf 87' lang='lat' dir='ltr'><strong>apud</strong></span> <span class='ocrx_word' id='word_1_150' title='bbox 386 2279 575 2354; x_wconf 83' lang='lat' dir='ltr'><strong>Anonymnm</strong></span> <span class='ocrx_word' id='word_1_151' title='bbox 604 2279 640 2336; x_wconf 92' lang='lat' dir='ltr'><strong>de</strong></span> <span class='ocrx_word' id='word_1_152' title='bbox 666 2280 750 2338; x_wconf 84' lang='lat' dir='ltr'><strong>bellis</strong></span> <span class='ocrx_word' id='word_1_153' title='bbox 773 2281 968 2352; x_wconf 76' lang='lat' dir='ltr'><strong>Francorum,</strong></span> <span class='ocrx_word' id='word_1_154' title='bbox 995 2301 1073 2340; x_wconf 82' lang='lat' dir='ltr'><strong>nnnc</strong></span> <span class='ocrx_word' id='word_1_155' title='bbox 1097 2283 1226 2352; x_wconf 72' lang='grc' dir='ltr'>κοοτίζω</span> 
     </span>
     <span class='ocr_line' id='line_1_19' title="bbox 118 2386 1227 2468; baseline 0.005 -24"><span class='ocrx_word' id='word_1_156' title='bbox 118 2388 230 2444; x_wconf 79' lang='lat' dir='ltr'><strong>dieitur.</strong></span> <span class='ocrx_word' id='word_1_157' title='bbox 281 2387 434 2445; x_wconf 77' lang='lat' dir='ltr'><strong>Tractare</strong></span> <span class='ocrx_word' id='word_1_158' title='bbox 457 2386 632 2446; x_wconf 82' lang='lat' dir='ltr'><strong>convertitur</strong></span> <span class='ocrx_word' id='word_1_159' title='bbox 656 2387 688 2444; x_wconf 84' lang='lat' dir='ltr'><strong>in·</strong></span> <span class='ocrx_word' id='word_1_160' title='bbox 709 2386 878 2468; x_wconf 75' lang='grc' dir='ltr'><strong>τρακταΐζω</strong></span> <span class='ocrx_word' id='word_1_161' title='bbox 898 2391 976 2466; x_wconf 89' lang='lat' dir='ltr'><strong>apud</strong></span> <span class='ocrx_word' id='word_1_162' title='bbox 994 2391 1133 2449; x_wconf 85' lang='lat' dir='ltr'><strong>Photium</strong></span> <span class='ocrx_word' id='word_1_163' title='bbox 1150 2390 1227 2450; x_wconf 92' lang='lat' dir='ltr'><strong>Bibl.</strong></span> 
     </span>
     <span class='ocr_line' id='line_1_20' title="bbox 118 2492 1228 2578; baseline 0.007 -26"><span class='ocrx_word' id='word_1_164' title='bbox 118 2492 189 2552; x_wconf 80' lang='lat' dir='ltr'><strong>coo.</strong></span> <span class='ocrx_word' id='word_1_165' title='bbox 213 2495 261 2552; x_wconf 83' lang='lat'><strong>18.</strong></span> <span class='ocrx_word' id='word_1_166' title='bbox 299 2493 435 2569; x_wconf 88' lang='lat' dir='ltr'><strong>Denique</strong></span> <span class='ocrx_word' id='word_1_167' title='bbox 457 2513 494 2552; x_wconf 89' lang='lat' dir='ltr'><strong>ex</strong></span> <span class='ocrx_word' id='word_1_168' title='bbox 512 2494 609 2553; x_wconf 83' lang='lat' dir='ltr'><strong>italico</strong></span> <span class='ocrx_word' id='word_1_169' title='bbox 630 2501 792 2572; x_wconf 80' lang='lat' dir='ltr'><strong>tracasarc</strong></span> <span class='ocrx_word' id='word_1_170' title='bbox 811 2497 830 2554; x_wconf 90' lang='lat' dir='ltr'><strong>i.</strong></span> <span class='ocrx_word' id='word_1_171' title='bbox 853 2517 876 2556; x_wconf 93' lang='lat' dir='ltr'><strong>e.</strong></span> <span class='ocrx_word' id='word_1_172' title='bbox 900 2497 1067 2578; x_wconf 74' lang='grc' dir='ltr'>μεταγγίζω</span> <span class='ocrx_word' id='word_1_173' title='bbox 1087 2500 1228 2560; x_wconf 82' lang='lat' dir='ltr'><strong>formetur</strong></span> 
     </span>
     <span class='ocr_line' id='line_1_21' title="bbox 116 2598 1227 2683; baseline 0.007 -23"><span class='ocrx_word' id='word_1_174' title='bbox 116 2598 298 2681; x_wconf 84' lang='grc' dir='ltr'>τραβαζοὶρω</span> <span class='ocrx_word' id='word_1_175' title='bbox 327 2603 405 2676; x_wconf 83' lang='lat' dir='ltr'><strong>apud</strong></span> <span class='ocrx_word' id='word_1_176' title='bbox 429 2603 579 2679; x_wconf 85' lang='lat' dir='ltr'><strong>Agapium</strong></span> <span class='ocrx_word' id='word_1_177' title='bbox 610 2602 741 2680; x_wconf 87' lang='lat' dir='ltr'><strong>Geopon.</strong></span> <span class='ocrx_word' id='word_1_178' title='bbox 769 2623 831 2682; x_wconf 79' lang='lat' dir='ltr'><strong>cap.</strong></span> <span class='ocrx_word' id='word_1_179' title='bbox 853 2607 902 2666; x_wconf 83' lang='grc'><strong>48.</strong></span> <span class='ocrx_word' id='word_1_180' title='bbox 952 2600 1057 2683; x_wconf 85' lang='lat' dir='ltr'><strong>Itaque</strong></span> <span class='ocrx_word' id='word_1_181' title='bbox 1076 2627 1113 2667; x_wconf 87' lang='lat' dir='ltr'><strong>ex</strong></span> <span class='ocrx_word' id='word_1_182' title='bbox 1130 2609 1227 2668; x_wconf 86' lang='lat' dir='ltr'><strong>italico</strong></span> 
     </span>
     <span class='ocr_line' id='line_1_22' title="bbox 111 2709 1226 2796; baseline 0.009 -30"><span class='ocrx_word' id='word_1_183' title='bbox 111 2726 237 2785; x_wconf 76' lang='lat' dir='ltr'><strong>percara</strong></span> <span class='ocrx_word' id='word_1_184' title='bbox 262 2709 425 2768; x_wconf 86' lang='lat' dir='ltr'><strong>necessario</strong></span> <span class='ocrx_word' id='word_1_185' title='bbox 453 2713 486 2768; x_wconf 81' lang='lat' dir='ltr'><strong>fit</strong></span> <span class='ocrx_word' id='word_1_186' title='bbox 509 2710 672 2789; x_wconf 83' lang='grc' dir='ltr'>πεσκάρον,</span> <span class='ocrx_word' id='word_1_187' title='bbox 699 2731 757 2770; x_wconf 89' lang='lat' dir='ltr'><strong>non</strong></span> <span class='ocrx_word' id='word_1_188' title='bbox 785 2713 995 2796; x_wconf 82' lang='grc' dir='ltr'><strong>πεσκαντάρον.</strong></span> <span class='ocrx_word' id='word_1_189' title='bbox 1048 2715 1094 2774; x_wconf 92' lang='lat' dir='ltr'><strong>De</strong></span> <span class='ocrx_word' id='word_1_190' title='bbox 1114 2717 1226 2793; x_wconf 91' lang='lat' dir='ltr'><strong>reliquo</strong></span> 
     </span>
     <span class='ocr_line' id='line_1_23' title="bbox 116 2815 1225 2904; baseline 0.008 -30"><span class='ocrx_word' id='word_1_191' title='bbox 116 2815 288 2891; x_wconf 84' lang='lat' dir='ltr'><strong>Ducangius</strong></span> <span class='ocrx_word' id='word_1_192' title='bbox 318 2818 494 2876; x_wconf 88' lang='lat' dir='ltr'><strong>versiculum</strong></span> <span class='ocrx_word' id='word_1_193' title='bbox 520 2837 608 2894; x_wconf 85' lang='lat' dir='ltr'><strong>supra</strong></span> <span class='ocrx_word' id='word_1_194' title='bbox 629 2819 778 2878; x_wconf 83' lang='lat' dir='ltr'><strong>laudatum</strong></span> <span class='ocrx_word' id='word_1_195' title='bbox 799 2841 828 2898; x_wconf 87' lang='lat' dir='ltr'><strong>p.</strong></span> <span class='ocrx_word' id='word_1_196' title='bbox 848 2823 908 2882; x_wconf 84' lang='lat'><strong>577</strong></span> <span class='ocrx_word' id='word_1_197' title='bbox 928 2842 951 2881; x_wconf 90' lang='lat' dir='ltr'><strong>s.</strong></span> <span class='ocrx_word' id='word_1_198' title='bbox 972 2844 1000 2882; x_wconf 90' lang='lat' dir='ltr'><strong>v.</strong></span> <span class='ocrx_word' id='word_1_199' title='bbox 1018 2822 1174 2904; x_wconf 83' lang='grc' dir='ltr'>καντοίρειν</span> <span class='ocrx_word' id='word_1_200' title='bbox 1194 2825 1225 2883; x_wconf 91' lang='lat' dir='ltr'><strong>in</strong></span> 
     </span>
     <span class='ocr_line' id='line_1_24' title="bbox 117 2922 828 3005; baseline 0.01 -25"><span class='ocrx_word' id='word_1_201' title='bbox 117 2925 194 2980; x_wconf 89' lang='lat' dir='ltr'><strong>hunc</strong></span> <span class='ocrx_word' id='word_1_202' title='bbox 214 2925 341 2996; x_wconf 87' lang='lat' dir='ltr'><strong>modum,</strong></span> <span class='ocrx_word' id='word_1_203' title='bbox 363 2925 441 2999; x_wconf 91' lang='lat' dir='ltr'><strong>quod</strong></span> <span class='ocrx_word' id='word_1_204' title='bbox 462 2922 585 2983; x_wconf 81' lang='lat' dir='ltr'><strong>Coraem</strong></span> <span class='ocrx_word' id='word_1_205' title='bbox 607 2925 691 3003; x_wconf 68' lang='lat' dir='ltr'><strong>fingit,</strong></span> <span class='ocrx_word' id='word_1_206' title='bbox 707 2929 828 3005; x_wconf 86' lang='lat' dir='ltr'><strong>allegat:</strong></span> 
     </span>
    </p>

    <p class='ocr_par' dir='ltr' id='par_1_3' title="bbox 64 3026 1225 3324">
     <span class='ocr_line' id='line_1_25' title="bbox 224 3026 1101 3120; baseline 0.015 -35"><span class='ocrx_word' id='word_1_207' title='bbox 224 3026 261 3086; x_wconf 85' lang='grc' dir='ltr'><strong>νὰ</strong></span> <span class='ocrx_word' id='word_1_208' title='bbox 283 3030 457 3111; x_wconf 71' lang='grc' dir='ltr'><strong>τραγῳὸοὖν</strong></span> <span class='ocrx_word' id='word_1_209' title='bbox 479 3030 630 3112; x_wconf 60' lang='lat' dir='ltr'><strong>Aer-qvo&amp;</strong></span> <span class='ocrx_word' id='word_1_210' title='bbox 651 3033 700 3094; x_wconf 73' lang='grc' dir='ltr'><strong>καὶ</strong></span> <span class='ocrx_word' id='word_1_211' title='bbox 721 3055 758 3094; x_wconf 91' lang='grc' dir='ltr'><strong>να</strong></span> <span class='ocrx_word' id='word_1_212' title='bbox 779 3057 816 3116; x_wconf 85' lang='grc' dir='ltr'><strong>με</strong></span> <span class='ocrx_word' id='word_1_213' title='bbox 834 3039 899 3103; x_wconf 85' lang='grc' dir='ltr'><strong>πῶς</strong></span> <span class='ocrx_word' id='word_1_214' title='bbox 924 3038 1101 3120; x_wconf 83' lang='grc' dir='ltr'>κἀντοὶρουν,</span> 
     </span>
     <span class='ocr_line' id='line_1_26' title="bbox 64 3136 1225 3222; baseline 0.016 -30"><span class='ocrx_word' id='word_1_215' title='bbox 64 3157 65 3160; x_wconf 62' lang='grc'>’</span> <span class='ocrx_word' id='word_1_216' title='bbox 115 3136 183 3194; x_wconf 89' lang='lat' dir='ltr'><strong>Non</strong></span> <span class='ocrx_word' id='word_1_217' title='bbox 198 3137 298 3196; x_wconf 86' lang='lat' dir='ltr'><strong>dubito</strong></span> <span class='ocrx_word' id='word_1_218' title='bbox 317 3137 568 3216; x_wconf 85' lang='lat' dir='ltr'><strong>quinDucangius</strong></span> <span class='ocrx_word' id='word_1_219' title='bbox 585 3140 614 3198; x_wconf 87' lang='lat' dir='ltr'><strong>id</strong></span> <span class='ocrx_word' id='word_1_220' title='bbox 632 3144 708 3217; x_wconf 87' lang='lat' dir='ltr'><strong>quod</strong></span> <span class='ocrx_word' id='word_1_221' title='bbox 726 3143 755 3202; x_wconf 93' lang='lat' dir='ltr'><strong>in</strong></span> <span class='ocrx_word' id='word_1_222' title='bbox 779 3144 875 3203; x_wconf 86' lang='lat' dir='ltr'><strong>codice</strong></span> <span class='ocrx_word' id='word_1_223' title='bbox 894 3147 1032 3222; x_wconf 85' lang='lat' dir='ltr'><strong>scriptum</strong></span> <span class='ocrx_word' id='word_1_224' title='bbox 1055 3158 1099 3208; x_wconf 86' lang='lat' dir='ltr'><strong>est</strong></span> <span class='ocrx_word' id='word_1_225' title='bbox 1119 3153 1225 3210; x_wconf 85' lang='lat' dir='ltr'><strong>rectius</strong></span> 
     </span>
     <span class='ocr_line' id='line_1_27' title="bbox 114 3244 1002 3324; baseline 0.011 -23"><span class='ocrx_word' id='word_1_226' title='bbox 114 3245 255 3320; x_wconf 79' lang='lat' dir='ltr'><strong>acceperit</strong></span> <span class='ocrx_word' id='word_1_227' title='bbox 276 3263 364 3321; x_wconf 89' lang='lat' dir='ltr'><strong>quam</strong></span> <span class='ocrx_word' id='word_1_228' title='bbox 385 3244 502 3305; x_wconf 82' lang='lat' dir='ltr'><strong>Coraes.</strong></span> <span class='ocrx_word' id='word_1_229' title='bbox 543 3247 647 3324; x_wconf 87' lang='lat' dir='ltr'><strong>Itaque</strong></span> <span class='ocrx_word' id='word_1_230' title='bbox 666 3269 784 3309; x_wconf 87' lang='lat' dir='ltr'><strong>versum</strong></span> <span class='ocrx_word' id='word_1_231' title='bbox 804 3253 845 3309; x_wconf 89' lang='lat' dir='ltr'><strong>sio</strong></span> <span class='ocrx_word' id='word_1_232' title='bbox 866 3255 1002 3313; x_wconf 88' lang='lat' dir='ltr'><strong>emendo:</strong></span> 
     </span>
    </p>

    <p class='ocr_par' dir='ltr' id='par_1_4' title="bbox 113 3349 1225 3766">
     <span class='ocr_line' id='line_1_28' title="bbox 218 3349 1083 3443; baseline 0.015 -34"><span class='ocrx_word' id='word_1_233' title='bbox 218 3349 256 3410; x_wconf 83' lang='grc' dir='ltr'><strong>νὰ</strong></span> <span class='ocrx_word' id='word_1_234' title='bbox 279 3352 453 3435; x_wconf 76' lang='grc' dir='ltr'>τραγῳδοῦν</span> <span class='ocrx_word' id='word_1_235' title='bbox 476 3351 618 3414; x_wconf 83' lang='grc' dir='ltr'>Λατινικὰ</span> <span class='ocrx_word' id='word_1_236' title='bbox 638 3355 688 3415; x_wconf 84' lang='grc' dir='ltr'><strong>καὶ</strong></span> <span class='ocrx_word' id='word_1_237' title='bbox 711 3354 747 3416; x_wconf 87' lang='grc' dir='ltr'><strong>νά</strong></span> <span class='ocrx_word' id='word_1_238' title='bbox 772 3354 810 3438; x_wconf 83' lang='grc' dir='ltr'><strong>μέ</strong></span> <span class='ocrx_word' id='word_1_239' title='bbox 831 3379 897 3424; x_wconf 84' lang='grc' dir='ltr'><strong>πως</strong></span> <span class='ocrx_word' id='word_1_240' title='bbox 916 3361 1083 3443; x_wconf 80' lang='grc' dir='ltr'><strong>καντάροον</strong></span> 
     </span>
     <span class='ocr_line' id='line_1_29' title="bbox 113 3459 1225 3548; baseline 0.017 -34"><span class='ocrx_word' id='word_1_241' title='bbox 113 3459 169 3516; x_wconf 87' lang='lat' dir='ltr'><strong>hac</strong></span> <span class='ocrx_word' id='word_1_242' title='bbox 190 3459 348 3517; x_wconf 75' lang='lat' dir='ltr'><strong>sententia:</strong></span> <span class='ocrx_word' id='word_1_243' title='bbox 370 3461 531 3538; x_wconf 78' lang='lat' dir='ltr'><strong>„incipiunt</strong></span> <span class='ocrx_word' id='word_1_244' title='bbox 547 3463 637 3522; x_wconf 85' lang='lat' dir='ltr'><strong>latine</strong></span> <span class='ocrx_word' id='word_1_245' title='bbox 655 3463 777 3545; x_wconf 74' lang='lat' dir='ltr'><strong>(italice)</strong></span> <span class='ocrx_word' id='word_1_246' title='bbox 790 3473 893 3528; x_wconf 80' lang='lat' dir='ltr'><strong>cahere</strong></span> <span class='ocrx_word' id='word_1_247' title='bbox 901 3490 1004 3546; x_wconf 89' lang='lat' dir='ltr'><strong>meque</strong></span> <span class='ocrx_word' id='word_1_248' title='bbox 1015 3473 1225 3548; x_wconf 86' lang='lat' dir='ltr'><strong>quodammodo</strong></span> 
     </span>
     <span class='ocr_line' id='line_1_30' title="bbox 113 3567 1224 3655; baseline 0.019 -34"><span class='ocrx_word' id='word_1_249' title='bbox 113 3575 230 3624; x_wconf 85' lang='lat' dir='ltr'><strong>cantare</strong></span> <span class='ocrx_word' id='word_1_250' title='bbox 251 3567 271 3624; x_wconf 91' lang='lat' dir='ltr'><strong>i.</strong></span> <span class='ocrx_word' id='word_1_251' title='bbox 291 3586 314 3623; x_wconf 89' lang='lat' dir='ltr'><strong>e.</strong></span> <span class='ocrx_word' id='word_1_252' title='bbox 343 3569 463 3628; x_wconf 90' lang='lat' dir='ltr'><strong>summis</strong></span> <span class='ocrx_word' id='word_1_253' title='bbox 490 3572 626 3630; x_wconf 87' lang='lat' dir='ltr'><strong>laudibus</strong></span> <span class='ocrx_word' id='word_1_254' title='bbox 653 3572 755 3631; x_wconf 80' lang='lat' dir='ltr'><strong>ferre.“</strong></span> <span class='ocrx_word' id='word_1_255' title='bbox 808 3577 878 3637; x_wconf 85' lang='lat' dir='ltr'><strong>Hoc</strong></span> <span class='ocrx_word' id='word_1_256' title='bbox 904 3587 1000 3638; x_wconf 80' lang='lat' dir='ltr'><strong>antem</strong></span> <span class='ocrx_word' id='word_1_257' title='bbox 1026 3599 1085 3640; x_wconf 90' lang='lat' dir='ltr'><strong>non</strong></span> <span class='ocrx_word' id='word_1_258' title='bbox 1105 3582 1224 3655; x_wconf 86' lang='lat' dir='ltr'><strong>sincere,</strong></span> 
     </span>
     <span class='ocr_line' id='line_1_31' title="bbox 115 3672 1188 3766; baseline 0.021 -41"><span class='ocrx_word' id='word_1_259' title='bbox 115 3672 166 3726; x_wconf 86' lang='lat' dir='ltr'><strong>sed</strong></span> <span class='ocrx_word' id='word_1_260' title='bbox 185 3672 339 3730; x_wconf 88' lang='lat' dir='ltr'><strong>miserrimi</strong></span> <span class='ocrx_word' id='word_1_261' title='bbox 361 3676 485 3735; x_wconf 87' lang='lat' dir='ltr'><strong>hominis</strong></span> <span class='ocrx_word' id='word_1_262' title='bbox 504 3679 643 3737; x_wconf 87' lang='lat' dir='ltr'><strong>irridendi</strong></span> <span class='ocrx_word' id='word_1_263' title='bbox 664 3699 753 3740; x_wconf 85' lang='lat' dir='ltr'><strong>eausa</strong></span> <span class='ocrx_word' id='word_1_264' title='bbox 771 3683 834 3741; x_wconf 90' lang='lat' dir='ltr'><strong>fieri</strong></span> <span class='ocrx_word' id='word_1_265' title='bbox 855 3705 871 3742; x_wconf 92' lang='lat' dir='ltr'><strong>e</strong></span> <span class='ocrx_word' id='word_1_266' title='bbox 891 3689 1079 3762; x_wconf 84' lang='lat' dir='ltr'><strong>sequentibus</strong></span> <span class='ocrx_word' id='word_1_267' title='bbox 1100 3699 1188 3766; x_wconf 86' lang='lat' dir='ltr'><strong>patet.</strong></span> 
     </span>
    </p>
   </div>
   <div class='ocr_carea' id='block_1_3' title="bbox 405 3945 824 4014">
    <p class='ocr_par' dir='ltr' id='par_1_5' title="bbox 405 3945 824 4014">
     <span class='ocr_line' id='line_1_32' title="bbox 405 3945 824 4014; baseline 0.024 -10"><span class='ocrx_word' id='word_1_268' title='bbox 405 3945 409 3954; x_wconf 81' lang='grc'><strong>’</strong></span> <span class='ocrx_word' id='word_1_269' title='bbox 512 3952 632 4009; x_wconf 80' lang='lat' dir='ltr'>CAPUT</span> <span class='ocrx_word' id='word_1_270' title='bbox 650 3961 824 4014; x_wconf 80' lang='lat' dir='ltr'><strong>TERTIUM.</strong></span> 
     </span>
    </p>
   </div>
   <div class='ocr_carea' id='block_1_4' title="bbox 112 4100 1223 4415">
    <p class='ocr_par' dir='ltr' id='par_1_6' title="bbox 112 4100 1223 4415">
     <span class='ocr_line' id='line_1_33' title="bbox 197 4100 1223 4196; baseline 0.025 -40"><span class='ocrx_word' id='word_1_271' title='bbox 197 4100 329 4159; x_wconf 86' lang='lat' dir='ltr'><strong>Transeo</strong></span> <span class='ocrx_word' id='word_1_272' title='bbox 360 4102 397 4160; x_wconf 89' lang='lat' dir='ltr'><strong>ad</strong></span> <span class='ocrx_word' id='word_1_273' title='bbox 424 4104 511 4168; x_wconf 89' lang='lat' dir='ltr'><strong>aliam</strong></span> <span class='ocrx_word' id='word_1_274' title='bbox 539 4128 601 4168; x_wconf 81' lang='lat' dir='ltr'><strong>rem</strong></span> <span class='ocrx_word' id='word_1_275' title='bbox 632 4113 731 4186; x_wconf 83' lang='lat' dir='ltr'><strong>paucis</strong></span> <span class='ocrx_word' id='word_1_276' title='bbox 760 4117 791 4174; x_wconf 89' lang='lat' dir='ltr'><strong>ni</strong></span> <span class='ocrx_word' id='word_1_277' title='bbox 814 4117 899 4175; x_wconf 83' lang='lat' dir='ltr'><strong>iallor</strong></span> <span class='ocrx_word' id='word_1_278' title='bbox 930 4121 1074 4196; x_wconf 82' lang='lat' dir='ltr'><strong>cognitam</strong></span> <span class='ocrx_word' id='word_1_279' title='bbox 1097 4124 1167 4181; x_wconf 87' lang='lat' dir='ltr'><strong>satis</strong></span> <span class='ocrx_word' id='word_1_280' title='bbox 1194 4134 1223 4182; x_wconf 86' lang='lat' dir='ltr'><strong>et</strong></span> 
     </span>
     <span class='ocr_line' id='line_1_34' title="bbox 114 4209 1222 4293; baseline 0.029 -33"><span class='ocrx_word' id='word_1_281' title='bbox 114 4214 301 4282; x_wconf 85' lang='lat' dir='ltr'><strong>perspectam.</strong></span> <span class='ocrx_word' id='word_1_282' title='bbox 342 4209 378 4267; x_wconf 93' lang='lat' dir='ltr'><strong>In</strong></span> <span class='ocrx_word' id='word_1_283' title='bbox 398 4211 545 4293; x_wconf 85' lang='lat' dir='ltr'><strong>Ducangii</strong></span> <span class='ocrx_word' id='word_1_284' title='bbox 566 4217 707 4292; x_wconf 86' lang='lat' dir='ltr'><strong>glossario</strong></span> <span class='ocrx_word' id='word_1_285' title='bbox 729 4222 858 4282; x_wconf 85' lang='lat' dir='ltr'><strong>doctrina</strong></span> <span class='ocrx_word' id='word_1_286' title='bbox 876 4228 995 4286; x_wconf 83' lang='lat' dir='ltr'><strong>metrica</strong></span> <span class='ocrx_word' id='word_1_287' title='bbox 1012 4231 1124 4290; x_wconf 88' lang='lat' dir='ltr'><strong>mediae</strong></span> <span class='ocrx_word' id='word_1_288' title='bbox 1144 4241 1222 4292; x_wconf 87' lang='lat' dir='ltr'><strong>aeta·</strong></span> 
     </span>
     <span class='ocr_line' id='line_1_35' title="bbox 112 4311 1221 4415; baseline 0.03 -48"><span class='ocrx_word' id='word_1_289' title='bbox 112 4311 149 4368; x_wconf 83' lang='lat' dir='ltr'><strong>tis</strong></span> <span class='ocrx_word' id='word_1_290' title='bbox 176 4315 286 4388; x_wconf 83' lang='lat' dir='ltr'><strong>passim</strong></span> <span class='ocrx_word' id='word_1_291' title='bbox 315 4316 485 4380; x_wconf 82' lang='lat' dir='ltr'><strong>illustratur.</strong></span> <span class='ocrx_word' id='word_1_292' title='bbox 534 4323 583 4382; x_wconf 88' lang='lat' dir='ltr'><strong>Ex</strong></span> <span class='ocrx_word' id='word_1_293' title='bbox 610 4326 662 4386; x_wconf 88' lang='lat' dir='ltr'><strong>illa</strong></span> <span class='ocrx_word' id='word_1_294' title='bbox 681 4337 776 4388; x_wconf 84' lang='lat' dir='ltr'><strong>autem</strong></span> <span class='ocrx_word' id='word_1_295' title='bbox 796 4334 954 4394; x_wconf 84' lang='lat' dir='ltr'><strong>carminum</strong></span> <span class='ocrx_word' id='word_1_296' title='bbox 975 4338 1131 4412; x_wconf 81' lang='lat' dir='ltr'><strong>varietate,</strong></span> <span class='ocrx_word' id='word_1_297' title='bbox 1163 4359 1221 4415; x_wconf 85' lang='lat' dir='ltr'><strong>que</strong></span> 
     </span>
    </p>
   </div>
   <div class='ocr_carea' id='block_1_5' title="bbox 0 0 1538 5102">
    <p class='ocr_par' dir='ltr' id='par_1_7' title="bbox 0 0 1538 5102">
     <span class='ocr_line' id='line_1_36' title="bbox 0 0 1538 5102; baseline 0 1"><span class='ocrx_word' id='word_1_298' title='bbox 0 0 1538 5102; x_wconf 95' lang='lat' dir='ltr'><strong> </strong></span> 
     </span>
    </p>
   </div>
  </div>
 </body>
</html>
