3066 5102
804 325 951 420 *aa*

256 549 270 598 ,ι
309 502 464 590 fartim
482 504 544 564 loco
565 505 709 564 scribatur
728 521 831 564 uersae
851 505 899 562 vel
913 504 1048 568 ancellas
1060 505 1218 586 staticus,
1232 508 1295 570 sire
1314 516 1437 584 recepta

320 610 413 682 lectio,
435 629 523 686 quam
544 610 750 682 Gothoiredus,
771 611 949 682 Brissonius,
966 612 1142 674 Dirksenius
1164 615 1269 690 aliique
1285 614 1436 690 juriscon-

321 718 390 776 sulti
415 719 497 776 nulla
520 719 679 794 scripturae
706 718 847 776 varietate
873 726 1031 779 memorata
1058 720 1164 792 nient,
1193 731 1437 798 argumentorum

320 827 447 900 pondere
467 826 646 884 defendatur.
691 824 846 887 Caeterum
868 827 946 900 quod
966 826 997 885 iu
1015 829 1207 888 monumentis
1228 830 1340 904 graecis
1361 848 1438 887 vera
1510 829 1511 898 ἶ

320 935 404 991 lectio
430 928 541 1010 δούλης
567 941 683 994 semaia
711 941 771 992 est:
800 933 832 990 id
861 932 924 992 sine
952 933 1149 994 controversie
1167 933 1257 994 solius
1278 934 1441 994 Thulelaei
1510 899 1511 948 λ

319 1038 488 1118 diligentiae
508 1046 538 1097 et
558 1039 683 1100 acumini
704 1048 853 1115 acceptum
874 1038 1040 1111 referimus,
1065 1059 1151 1115 quem
1166 1040 1234 1114 jure
1255 1039 1439 1102 Scholiastes

319 1129 513 1206 Basilicorum
530 1145 614 1206 Tem.
635 1146 665 1204 V
686 1165 716 1222 p.
738 1147 798 1206 732
817 1144 868 1210 τὸν
887 1147 939 1225 τῆς
962 1147 1087 1224 νομικῆς
1109 1145 1270 1229 ὀφθαλμὸν
1295 1150 1439 1224 appellet.

320 1255 388 1314 Jam
406 1254 473 1312 licet
493 1253 612 1325 scholia,
631 1272 706 1328 quae
726 1253 812 1312 hodie
830 1261 955 1325 exstant,
977 1252 1076 1326 aliqua
1093 1273 1131 1314 ex
1149 1263 1232 1330 parte
1246 1273 1263 1312 e
1275 1255 1436 1326 Theodori,

322 1360 472 1435 Stephani,
498 1358 610 1436 Cyrilli,
640 1359 773 1422 Gobidae
795 1369 825 1429 ct
844 1361 966 1421 aliorum
987 1359 1101 1434 scriptis
1124 1362 1272 1436 depromta
1293 1363 1360 1436 sint,
1391 1373 1438 1422 ta-

320 1487 386 1526 men
408 1467 523 1541 siquid
544 1468 614 1528 boui
636 1467 790 1536 continent,
816 1466 846 1523 id
867 1468 1038 1540 plerumque
1060 1485 1097 1524 ex
1117 1468 1230 1528 erudito
1250 1470 1437 1545 sagacissimi

320 1573 472 1636 Thalelaei
491 1573 521 1628 in
537 1573 670 1646 Digesta,
685 1571 831 1644 Codioem,
850 1572 991 1638 Novellas
1014 1577 1218 1634 commentario
1236 1578 1356 1653 petitum
1376 1585 1434 1634 est.

320 1679 512 1754 ueneram)
534 1678 634 1738 laudes
664 1679 856 1740 autumnus
887 1667 984 1738 Praef.
1008 1682 1046 1740 as
1073 1682 1224 1740 rnatum
1250 1685 1438 1758 altorumque
1510 1705 1511 1710 κ

319 1788 599 1849 Jurisconsnltornm
629 1786 809 1848 Graecorum
838 1786 1067 1848 Commentarios
1093 1789 1124 1846 in
1152 1790 1223 1847 Titt.
1252 1790 1290 1848 D.
1313 1799 1341 1846 et
1358 1788 1436 1848 eod.
1510 1799 1511 1810 ¹

319 1897 366 1954 De
387 1896 561 1970 postulando
585 1895 648 1952 sive
674 1895 710 1950 de
734 1895 881 1950 advocatis
910 1903 938 1950 et
959 1895 995 1950 de
1014 1896 1248 1968 procuratoribus
1278 1915 1312 1954 ec
1332 1883 1436 1955 defen-
1510 1907 1511 1920 ¹

320 2003 433 2062 soribns
458 2003 499 2062 ita
526 2001 726 2076 persequitur:
754 1997 898 2070 „Summa
924 2000 955 2054 in
980 2019 1014 2057 eo
1033 1995 1111 2077 juris
1132 2000 1253 2074 peritia,
1274 2003 1376 2061 mirum
1398 2002 1433 2059 in

319 2108 465 2170 solvendis
487 2107 583 2166 dubiis
605 2125 735 2176 acumen,
755 2105 875 2164 docendi
889 2107 1013 2180 denique
1032 2107 1106 2164 ratio
1126 2107 1219 2165 facilis
1240 2117 1269 2164 et
1288 2109 1434 2182 expedita.

319 2218 401 2278 Usus
422 2225 467 2274 est
492 2222 643 2292 praeterea
671 2231 705 2273 ea
724 2213 884 2288 diligentia,
906 2231 993 2288 quem
1014 2214 1125 2272 utinam
1149 2208 1210 2293 ejus
1228 2213 1361 2286 aequales
1383 2229 1434 2270 es·

320 2323 517 2394 sentientem,
542 2329 575 2378 ut
591 2321 684 2380 fontes
703 2320 792 2394 ipsos,
814 2321 974 2394 exquibus
995 2321 1180 2380 Justinianus
1202 2323 1345 2391 hauserat,
1366 2328 1436 2378 tum

319 2433 415 2490 adhuc
435 2427 636 2497 scaturientes,
656 2426 707 2488 ssd
730 2445 799 2487 mox
813 2427 985 2499 obstructos,
1006 2425 1127 2487 adiret.''
1158 2429 1204 2486 De
1223 2428 1334 2502 reliquo
1358 2426 1436 2484 mihi

318 2517 490 2616 mnsuasum
511 2543 566 2606 est,
587 2533 779 2594 Basiliocrum
799 2535 999 2610 compilatores
1019 2538 1073 2594 sub
1094 2535 1204 2594 Basilio
1222 2543 1251 2592 et
1271 2535 1368 2592 Leone
1382 2535 1436 2592 VI

319 2666 377 2706 non
397 2646 476 2721 ipsos
495 2643 643 2718 exemplar
664 2642 787 2704 latinum
809 2641 991 2718 interpretari
1012 2661 1076 2701 esse
1094 2659 1259 2717 aggressos,
1273 2642 1324 2700 sed
1339 2661 1435 2716 quum

319 2753 501 2828 singulorum
523 2749 600 2824 juris
631 2749 724 2808 civilis
756 2750 878 2810 fontium
906 2751 1015 2810 multae
1047 2730 1296 2822 interpretationes
1324 2749 1439 2823 partim·

319 2856 397 2920 κατὰ
416 2854 497 2919 πόδα
519 2857 637 2934 (quales
659 2858 742 2917 solae
757 2858 917 2916 «Iustiniani
935 2857 1079 2932 permissu
1098 2855 1188 2912 sactae
1207 2851 1302 2929 erant)
1324 2856 1432 2928 partim

319 2963 386 3026 κατ’
410 2950 566 3044 intuentia,
596 2964 702 3040 partim
727 2962 803 3026 κατὰ
824 2963 938 3026 πλάτος
959 2961 1101 3020 confectae
1123 2959 1273 3017 hominum
1294 2962 1430 3020 manibus
1466 2993 1468 2996 ·

318 3081 544 3142 tenerenturne<
562 3071 652 3130 variis
673 3071 732 3130 illis
753 3068 991 3133 translationibus
1004 3061 1057 3144 τὴν
1081 3063 1330 3149 ἑξηκονπάβιβλον
1353 3086 1432 3126 com-

318 3181 459 3258 posuisse.
511 3177 596 3251 Quos
623 3179 680 3238 nisi
707 3180 748 3238 ita
776 3197 807 3238 se
836 3177 965 3246 haberet,
994 3193 1078 3232 nemo
1104 3175 1233 3248 profecto
1255 3175 1431 3250 intelligeret

318 3308 434 3350 causam
455 3287 593 3349 orationis
616 3287 715 3350 uariae
736 3293 765 3344 et
785 3281 981 3351 multiformis,
1003 3289 1083 3340 ortae
1104 3299 1142 3339 ex
1162 3281 1433 3356 interpretationum

318 3396 552 3458 dissimilitudine
578 3411 612 3452 an
639 3391 815 3462 diversitate,
844 3409 903 3464 qua
930 3389 1015 3446 modo
1044 3389 1165 3446 verbum
1187 3408 1203 3446 e
1223 3391 1311 3448 verbo
1333 3387 1433 3462 expri-

318 3503 423 3575 mitur,
451 3503 536 3566 modo
563 3500 711 3574 exemplar
738 3495 861 3564 latinum
887 3493 1093 3568 amplificatur,
1121 3497 1206 3554 modo
1229 3497 1319 3553 verba
1337 3495 1432 3552 letina

239 3579 242 3586 Ι
319 3611 485 3672 summatim
512 3617 541 3668 et
569 3602 636 3668 κατ’
663 3598 807 3679 ἐπιτομὴν
827 3603 996 3670 redduntur.
1040 3596 1121 3660 Illud
1137 3612 1233 3660 eutem
1252 3618 1430 3676 percommo-

319 3719 388 3778 dum
410 3727 465 3789 est,
484 3715 562 3791 quod
582 3729 672 3786 quum
693 3709 724 3769 in
745 3707 863 3770 scholiis
882 3717 971 3782 atque
990 3708 1061 3768 alibi
1082 3710 1131 3788 (of.
1146 3707 1429 3785 Ducang.p.1179)

318 3822 352 3884 τδ
381 3821 459 3887 κατὰ
486 3817 585 3890 πόδα,
620 3814 653 3877 τὸ
682 3813 797 3878 πλάτος·
817 3815 876 3874 τῶν
902 3810 1006 3894 stipem
1033 3827 1086 3876 etc.
1114 3820 1193 3876 haud
1219 3834 1286 3874 raro
1316 3814 1429 3883 citetur,

319 3945 528 4004 nonnunquam
548 3923 631 3988 uehis
652 3921 737 3986 etiam
760 3921 847 3984 hodie
869 3922 1036 3990 licetvania
1047 3921 1320 4003 jurisconsultorum
1334 3919 1429 3980 Grae·

319 4056 417 4098 corum
445 4035 481 4092 de
510 4030 613 4089 iisdem
636 4029 733 4091 verbis
755 4025 868 4108 judicie
897 4030 1105 4107 doctorumque
1130 4038 1158 4086 et
1185 4027 1282 4089 minus
1312 4048 1331 4088 a
1359 4028 1428 4102 jure

324 4177 523 4196 ..ἐρ-...ιιι

385 4246 412 4308 *)
430 4241 471 4292 Gi.
489 4241 641 4292 Heimhach.
659 4245 690 4292 dc
707 4243 877 4292 Basilicorum
898 4245 961 4306 orig.
980 4257 1039 4304 pag.
1059 4239 1092 4290 26
1103 4255 1173 4305 seqq.
