3066 5102
714 411 754 472 23

661 495 811 508 .....---

181 590 297 654 αὐτέων
331 590 383 652 σὺν
408 588 504 650 ἐύνῶν
525 584 576 655 Ἐς
598 586 732 648 ἐναντίον
756 607 789 646 τε
810 589 908 669 πῆμα.
955 587 1052 661 Quum
1071 597 1170 648 eutem
1191 590 1287 648 Lucus

178 699 295 776 Ereng.
314 700 358 770 H,
378 699 417 758 34
437 699 528 756 dicat:
559 694 609 756 καὶ
640 691 805 774 εὐλόγησεν
837 692 948 758 αύτούς
976 691 1116 774 Συμεών,
1146 693 1197 754 καὶ
1219 692 1286 760 εἶπε

181 805 255 886 πρὸς
274 801 403 885 Μαριὰμ
423 803 476 882 τὴν
501 799 618 882 μητέρα
642 799 747 860 αὐτοῦ.
778 797 858 859 Ἰδού
882 797 970 867 σύτος
992 803 1090 861 κεῖται
1113 800 1155 867 εἰς
1173 803 1285 860 πτῶσιν

182 910 229 972 καὶ
248 910 408 972 ἀνάστασιν
429 909 552 968 πολλῶν
575 906 606 968 ἐν
629 909 673 989 τῷ
698 903 824 987 Ἰσραὴλ
850 905 900 966 καὶ
926 905 968 972 εἰς
991 908 1117 987 σημεῖον
1137 904 1286 986 ἀντιλεγό-

172 1013 280 1097 ’ρενον,
300 1038 360 1076 non
381 1016 512 1074 dubitavi
531 1017 625 1074 locum
647 1015 677 1072 in
699 1016 777 1073 hunc
796 1016 1101 1086 modumsestituere:
1127 1011 1221 1094 μύρον
1247 1009 1285 1073 αύ

180 1141 213 1181 τε
239 1126 296 1183 τῶν
314 1119 480 1182 ‚curtatur
509 1120 540 1186 ἐς
566 1119 700 1182 ἐναντίον
731 1141 764 1181 τε
789 1124 881 1200 σῆρα.
929 1123 968 1180 V.
991 1123 1030 1182 93
1059 1123 1197 1197 scriptum
1224 1131 1286 1178 erat

178 1228 313 1309 κραδίαν,
340 1230 418 1306 quod
445 1230 545 1293 eodem
572 1229 652 1286 Luca
673 1230 745 1287 duce
768 1229 798 1286 in
818 1227 951 1308 κραδιῶν
970 1230 1090 1287 mutavi.
1132 1227 1186 1286 Ait
1208 1227 1285 1285 enirn

179 1337 298 1412 scriptor
325 1336 396 1395 ibid.
425 1356 454 1393 v.
475 1337 530 1395 35:
557 1334 609 1395 καὶ
637 1338 692 1395 σού
725 1334 759 1395 δὲ
779 1331 872 1415 αὐτῆς
892 1334 944 1414 τὴν
969 1334 1069 1416 ψυχὴν
1096 1330 1284 1394 διελεύσεται

179 1439 324 1522 ῥομφαία,
355 1441 440 1508 ὅπως
467 1439 502 1502 ἂν
531 1439 794 1523 ἀποκαλυφθῶσιν
821 1440 855 1501 ἐκ
882 1440 1006 1502 πολλῶν
1029 1439 1161 1521 κραδιῶν
1182 1439 1283 1500 διαλο-

175 1548 287 1626 γισμοί.
329 1552 368 1609 V.
390 1551 459 1612 102.
491 1553 550 1610 Pro
570 1548 701 1610 πέλεσσε
720 1559 749 1608 et
770 1551 849 1628 κῆρα
871 1551 948 1624 quod
976 1559 1019 1607 est
1040 1550 1118 1624 apud
1140 1549 1283 1606 Allatium

175 1641 292 1729 reposui
313 1652 436 1716 τέλεσσε
456 1667 485 1716 et
505 1645 597 1737 χ’ῄρα.
639 1657 684 1714 Cf.
702 1657 774 1714 Luc.
791 1656 859 1715 ibid.
880 1677 908 1715 v.
929 1657 979 1716 37.
999 1688 1040 1700 -
1062 1657 1101 1714 V.
1128 1657 1185 1715 112
1207 1654 1283 1712 edidi

177 1756 226 1819 ἐπὶ
251 1757 393 1841 Ναζαρὲτ
418 1760 569 1843 πορεύου;
596 1771 682 1820 antee
705 1764 857 1836 legebatur
884 1761 943 1822 ἀπὸ
968 1758 1110 1841 Ναζαρὲτ
1136 1758 1281 1841 πορεύου.

174 1867 241 1926 Jam
263 1868 339 1925 enim
361 1870 495 1928 confectis
516 1867 640 1944 negotiis
664 1878 693 1929 ct
719 1876 837 1944 peracta
862 1887 895 1926 re
917 1868 1199 1944 divine-,repetenda
1220 1876 1282 1926 erat

171 1973 390 2064 Nazarenomm
408 1978 488 2047 urbs,
516 1977 593 2035 unde
619 1995 685 2034 cum
710 1976 814 2034 merito
846 1976 935 2050 paulo
965 1984 1033 2034 ante
1065 1975 1282 2050 profectecrat

171 2079 276 2138 Maria.
299 2113 339 2124 -
368 2082 407 2139 V.
429 2083 497 2140 113.
529 2079 659 2146 κάύτὸς
678 2078 795 2162 Ἰωσὴφ
816 2083 918 2158 scripsi
938 2103 992 2159 pro
1009 2083 1148 2142 mendoso
1169 2078 1280 2143 κάστὸς

168 2181 295 2266 Ἰωσὴφ,
317 2187 394 2261 quod
416 2189 560 2262 inpriore
581 2189 706 2246 editione
726 2189 877 2261 reperitur.

253 2294 355 2367 Ipsum
377 2312 492 2351 carmen
513 2313 616 2370 graece
637 2293 803 2352 nominetur
823 2289 942 2369 οἴκοθ’)
967 2303 1119 2370 propterea
1135 2297 1212 2368 quod
1232 2313 1279 2352 eo·

171 2397 258 2454 dificii
283 2399 376 2457 instar
405 2421 421 2458 e
448 2401 537 2459 variis
558 2400 642 2475 qnasi
663 2401 802 2458 tabulatis
827 2407 856 2458 ot
873 2400 1006 2475 partibus
1026 2407 1147 2460 constet.
1190 2402 1279 2460 Pres-

169 2514 248 2563 terea
280 2505 414 2581 singulae
448 2509 583 2583 strophae
620 2515 761 2566 vocantur
794 2503 872 2566 οἶκοι
903 2516 1041 2582 tanquam
1077 2509 1278 2568 habitationes.

167 2613 278 2670 Earum
306 2613 390 2672 initia
414 2624 528 2673 servato
553 2615 716 2673 litterarum
739 2614 841 2672 ordine
862 2633 880 2670 a
900 2614 1024 2690 singulis
1047 2616 1150 2673 litteris
1168 2615 1277 2672 ducun-

166 2729 224 2790 tur,
251 2721 292 2777 ita
310 2730 343 2778 ut
367 2722 463 2797 prima
483 2723 602 2798 incipiat
622 2725 659 2779 ab
682 2741 710 2796 α,
733 2721 859 2778 secunda
886 2739 904 2777 a
928 2719 944 2802 β
966 2730 995 2779 et
1012 2722 1054 2779 sic
1075 2723 1210 2796 deinceps
1227 2740 1276 2779 ns·

166 2846 222 2902 qne
236 2828 274 2884 ad
293 2849 328 2886 ιο.
381 2826 522 2902 Singulae
550 2831 685 2904 strophae
712 2847 728 2885 e
756 2828 904 2902 quaternis
932 2837 983 2886 aut
1002 2830 1032 2886 in
1054 2829 1119 2886 aliis
1142 2828 1274 2886 carmini·

166 2935 221 2991 bus
242 2953 257 2990 e
278 2934 356 2991 senis
378 2934 529 2992 versiculis
546 2913 720 3010 compositae
738 2940 815 2991 sunt.
846 2933 982 3008 Denique
1001 2932 1167 2994 κοοκούλια
1178 2935 1274 3012 (verbi

167 3056 255 3096 censa
280 3057 309 3096 v.
333 3040 485 3118 17-18)
508 3062 525 3099 e
550 3041 642 3113 binis,
669 3041 865 3098 additamenta
892 3041 1097 3112 cuculliorum,
1122 3059 1197 3115 qnae
1218 3059 1272 3116 ego

166 3141 381 3205 ἐπικουκούλια
397 3149 604 3223 appellaverim
624 3148 721 3226 (verbi
744 3165 833 3206 cansa
851 3167 880 3206 v.
900 3147 1037 3223 19-21)
1059 3167 1075 3206 e
1096 3147 1185 3206 ternis
1207 3165 1272 3204 ver-

165 3253 246 3310 sibus
265 3261 406 3312 constent
457 3254 563 3329 Neque
581 3264 678 3314 tamen
703 3257 834 3314 omnium
856 3263 1021 3328 poematum
1047 3253 1272 3312 Anacreontioo·

163 3378 239 3431 rum,
261 3378 335 3434 queo
361 3360 456 3419 medio
489 3381 562 3420 nevo
583 3363 660 3421 facte
681 3369 758 3432 sunl,
783 3360 884 3417 eadem
912 3359 986 3417 ratio
1007 3368 1060 3417 est.
1102 3358 1219 3417 Etenim
1239 3358 1271 3415 in

163 3465 229 3522 aliis
256 3465 351 3541 plura,
381 3467 411 3524 in
432 3470 497 3527 ahie
516 3470 653 3546 pauciore
676 3467 800 3528 cneullia
819 3466 1012 3541 reperiuntur.
1053 3465 1102 3538 Sic
1120 3465 1181 3524 Leo
1204 3464 1271 3523 Μα-

162 3573 253 3650 gister
276 3571 307 3629 in
325 3573 460 3648 carmine,
480 3594 537 3651 quo
546 3577 655 3636 Leonis
664 3574 851 3652 Imperatoris
871 3573 988 3648 nuptias
1006 3571 1172 3644 celebravit,
1191 3569 1270 3647 apud

161 3679 348 3751 Metrangarn
371 3679 483 3738 Anecd.
503 3682 571 3742 Vol.
591 3684 625 3742 H
644 3704 673 3759 p.
692 3684 751 3742 561
768 3700 829 3757 seq.
856 3680 981 3755 singulis
1009 3679 1136 3754 strophis
1161 3696 1178 3734 ο
1198 3694 1269 3751 qua·

164 3782 255 3842 ternis
276 3781 411 3841 versibus
437 3790 602 3863 compositis
632 3786 783 3870 subjungit
811 3787 966 3847 cucullium
988 3805 1004 3844 e
1024 3785 1101 3846 binis
1118 3765 1269 3842 uersiculis

160 3928 362 3942 ῳ

228 3984 570 4052 *)Dncanginsp.1033:
597 3988 669 4043 οἶκος
692 3989 782 4052 hymni
800 4003 881 4051 genus
898 3985 994 4037 inDei
1017 3985 1059 4036 rel
1080 3983 1170 4034 Sancti
1187 3981 1268 4032 alicn-

160 4068 203 4131 jus
218 4067 323 4118 leudem
345 4068 383 4116 ita
406 4072 592 4128 constructum,
609 4075 639 4116 ut
659 4069 733 4130 qnasi
751 4084 903 4134 compopem,
932 4065 1075 4130 aedificium
1092 4061 1268 4126 fabricamque

162 4147 288 4195 virtutum
305 4148 361 4209 ejus
378 4153 405 4198 ct
421 4147 520 4210 gloriae
537 4146 655 4195 videatur
671 4160 840 4210 componere:
859 4147 958 4198 ntideo
976 4143 1106 4210 κοντακίῳ
1119 4141 1267 4206 opponitur,

164 4233 240 4275 uteo
259 4227 369 4288 emplius
386 4233 413 4275 et
430 4225 555 4275 diffusius.
598 4225 724 4276 Italorum
744 4241 847 4290 quoque
870 4231 992 4290 poemate
1008 4224 1106 4274 hebent
1122 4227 1217 4282 stesso,
1239 4220 1267 4268 id

165 4310 204 4354 est
222 4304 308 4354 domur
327 4304 380 4354 sive
395 4303 552 4356 habitacula.
655 4303 665 4328 ⁸
