3066 5102
745 337 893 429 A

295 519 329 572 90
347 514 398 575 καὶ
418 513 596 598 κατακαύση
620 514 671 576 καὶ
694 511 783 594 ἐμέν·
804 495 937 595 κμὲῖττον
959 511 1038 596 ἤπερ
1062 519 1116 576 τοῦ
1140 518 1193 596 ζῇν
1215 538 1263 596 με.

345 619 414 703 μετ’
434 620 523 684 αὔτον
547 621 605 705 γὰρ
626 620 750 701 ἐκίνησα
774 619 849 702 μετὰ
867 623 966 703 χαρᾶς
988 623 1121 704 μεγάλης

345 726 382 790 νὰ
401 732 499 811 πᾶμεν
518 728 545 797 ’ς
563 730 597 790 τὸ
619 727 787 809 εὐκτήριον,
810 727 883 789 ναὸν
904 731 958 788 τοῦ
981 727 1191 791 άποστόλοο”.

343 836 393 897 καὶ
416 836 550 917 ταῦταη
575 835 736 918 βασίλισσα
757 833 855 901 οὕτως
874 833 1084 916 άπηλογήθην.

338 939 452 1023 ”κυρά,
470 939 497 1008 ’ς
517 941 572 1025 τὴν
594 941 695 1025 θλίψιν
715 941 768 1023 τὴν
791 940 908 1024 πολλὴν
929 941 979 1003 καὶ
1004 942 1058 1024 τὴν
1078 943 1247 1026 ἀδημονίαν

229 1041 232 1048 ’
291 1056 325 1109 95
345 1045 400 1131 ἔχε
422 1049 530 1134 μικρὴν
553 1046 742 1133 παμηγοριὰν
761 1048 812 1110 καὶ
831 1046 931 1111 ἄνεσιν
956 1048 1076 1131 ὀλίγην·
1167 1089 1177 1098 -

343 1155 372 1216 ot
392 1155 449 1239 γὰρ
472 1155 581 1240 συχνοί
601 1178 655 1217 σου
678 1132 807 1240 οἷάμμοὶ
829 1156 863 1217 τὸ
884 1156 997 1223 κάλλος
1016 1178 1070 1218 σοο
1095 1158 1270 1240 μαμαίνουν.

340 1264 472 1345 τώμαῖον
495 1267 549 1325 τοῦ
568 1266 737 1346 προσώπου
762 1286 817 1326 σου
837 1263 963 1329 τελείως
987 1264 1175 1348 ἠλλοιώθην.

342 1367 393 1429 διὰ
414 1370 467 1453 τἠν
493 1370 612 1452 ἀγάπην
634 1369 686 1452 τὴν
710 1369 786 1453 ἐμὴν
809 1374 988 1453 παρηγοροό
1011 1371 1124 1452 ὀλίγον.

340 1452 433 1541 ἄλλον
456 1477 490 1538 δὲ
513 1479 587 1539 πάλι
613 1477 775 1560 ἐμώτημαν
799 1476 834 1536 σὲ
856 1473 921 1559 ἔχοι
947 1476 1124 1562 ἐρωτήσειν,

273 1594 324 1648 100
340 1587 391 1648 καὶ
408 1584 458 1647 ’πέ
481 1584 520 1667 μέ
540 1562 773 1690 τοῖιιοορτέσμη
792 1605 862 1667 μου,
880 1582 930 1644 ’πί
951 1607 997 1664 το,
1021 1588 1061 1671 μη
1087 1611 1124 1671 με
1142 1591 1176 1652 τὸ
1198 1588 1324 1674 κρύψῃς.

338 1691 447 1775 θωμῶ,
468 1691 548 1754 καλὰ
572 1692 770 1776 στοχάζομαι,
795 1691 900 1777 βλέπω
922 1692 974 1773 τἠν
1001 1695 1055 1777 σὴν
1077 1695 1221 1780 γαστέρα,

336 1822 366 1861 κι
390 1799 406 1861 ὁ
431 1797 520 1881 ὄγκος
534 1803 594 1881 ’τῆς
613 1800 730 1868 κοιλίας
753 1823 807 1864 σου
829 1800 943 1884 δείχνει
968 1800 997 1861 σ’
1019 1799 1282 1884 ἐγγαστριομένην.

338 1882 424 2012 ιιὶἂν
445 1905 520 1990 ἦσαν
544 1905 660 1988 ἔγκυος,
686 1909 775 1990 κομά,
796 1904 906 1991 χάρισέ
930 1927 968 1985 με
990 1906 1023 1966 τὸ
1043 1911 1178 1989 πρᾶγμα.

746 2037 774 2074 κ.
797 2035 822 2073 τ.
847 2012 874 2072 λ.
