3066 5102
823 386 865 446 28

292 562 376 620 facile
397 569 442 620 est
463 559 618 636 Sophronii
640 576 754 618 oormen
778 561 808 617 in
834 560 1022 620 recentiorem
1042 563 1220 626 Graecorum
1244 587 1406 628 sermonem

292 669 466 728 translatum
495 668 537 726 sio
561 668 725 739 immutare,
749 675 783 726 ut
802 686 856 744 pro
876 667 1005 741 antiquis
1028 670 1163 730 versibus
1195 673 1407 733 Anacreonteis

294 777 403 853 politici
421 773 691 851 substituantur*):
718 773 759 832 ito
783 775 947 850 putaverim
967 775 1096 836 Graecos
1117 779 1274 838 admodum
1294 789 1407 840 mature
1516 813 1517 822 =

294 887 478 943 flooeeseente
506 882 667 942 litterarum
696 890 725 939 et
752 882 849 957 poe’sis
877 885 948 942 flore
976 892 1092 959 prester
1116 885 1304 946 artificiosum
1333 889 1408 948 illud
1516 887 1517 894 ἶ

294 992 419 1068 poetices
439 1008 542 1068 genus,
563 991 639 1066 quod
660 1009 677 1047 e
701 989 878 1065 syliabarum
906 992 1067 1066 quantitate
1093 994 1209 1069 pendet,
1230 994 1316 1054 simul
1337 997 1408 1055 elte-

294 1119 360 1158 rum
393 1099 448 1156 hoc
482 1097 621 1172 populere
657 1096 826 1156 exeoluisse.
879 1097 1057 1173 Hujusmodi
1090 1118 1193 1158 versus
1223 1103 1407 1162 hexametros

295 1214 377 1266 sexto
398 1205 521 1265 fortasse
542 1203 656 1263 soeculo
676 1204 849 1280 oompositos
874 1206 974 1266 laudnt
993 1204 1236 1268 Montefeloonius
1254 1209 1408 1284 Poiseogr.

294 1316 315 1372 l.
336 1315 354 1372 3
379 1332 407 1389 p.
430 1313 500 1372 220.
542 1311 661 1370 Primus
682 1321 780 1370 autem
802 1312 1006 1388 Apollinarius
1032 1311 1264 1390 Alexandrinus,
1286 1315 1407 1392 hymno·
1517 1337 1518 1340 ¹

294 1439 359 1480 rum
382 1419 413 1478 in
435 1419 580 1495 virginem
606 1419 665 1478 Dei
688 1427 810 1477 matrem
836 1419 1019 1496 scriptorum,
1038 1427 1071 1478 ut
1095 1410 1214 1494 plurimi
1241 1421 1333 1494 ajunt,
1363 1423 1408 1479 in·

295 1536 398 1586 ventor
428 1545 531 1593 versus
558 1526 690 1604 politioos
722 1533 826 1600 quarto
853 1535 920 1602 post
948 1525 1019 1586 Chr.
1038 1545 1067 1584 n.
1096 1525 1210 1585 saeculo
1237 1547 1328 1604 eoque
1348 1529 1409 1587 fere

294 1635 389 1694 medio
409 1634 511 1692 fecisse
531 1633 638 1692 ¹fertur.
683 1634 731 1692 De
757 1633 804 1694 his
831 1633 949 1712 hymnis
977 1628 1088 1711 (οἴκοις
1108 1635 1161 1714 τῆς
1181 1630 1347 1711 θεοτόκου)
1367 1637 1409 1694 ito

295 1742 448 1802 Triodium
476 1741 613 1802 'Sabbato
635 1743 653 1802 5
679 1737 850 1802 hebdomad.
870 1738 963 1824 jejun.
992 1739 1044 1801 καὶ
1073 1740 1320 1822 ἀναγινώσκομεν
1347 1740 1407 1802 ἀπὸ

295 1851 354 1910 τῶν
376 1846 467 1908 υίκων
489 1845 523 1914 ς]
550 1846 699 1927 ἱστάμείλοι
721 1847 764 1910 είς
781 1848 833 1924 τὴν
856 1846 971 1906 τούτων
993 1845 1182 1920 ἀνάγνωσιν·
1210 1848 1240 1903 οἱ
1269 1847 1297 1906 δ’
1322 1848 1409 1908 αὐτοὶ

250 1957 252 1961 ’
297 1951 377 2014 οίκοί
403 1951 461 2013 εἰσι
489 1952 566 2013 κατὰ
595 1949 784 2030 οὶλφάβητον,
813 1946 906 2033 ἤγουν
937 1943 990 2008 κδ’
1016 1945 1068 2006 καὶ
1089 1942 1229 2024 λέγονται
1246 1949 1331 2030 παρὰ
1352 1957 1407 2012 τοῦ

296 2057 412 2140 ἱερέως.
454 2055 536 2120 οἶκος
560 2055 689 2134 πρῶτος,
713 2049 862 2133 Ἄγγελος
889 2051 1103 2134 πρωτοστάτης
1124 2048 1293 2134 οὐρανόθεν
1317 2053 1406 2136 ἐπέμ-

296 2162 360 2247 φθη
383 2161 478 2221 εἰπεῖν
500 2163 539 2242 τῇ
566 2156 712 2242 Θευτόκιμ
730 2159 765 2220 τὸ
784 2155 885 2240 Χαῖρε
903 2179 931 2220 κ.
950 2179 975 2218 τ.
998 2157 1026 2218 λ.
1079 2157 1231 2218 Secundus
1258 2180 1345 2222 oecos
1363 2163 1407 2222 in·

268 2271 364 2357 xcipit
384 2290 402 2329 ε
424 2265 590 2352 βλέπουσα,
621 2267 724 2326 tertius
750 2287 770 2326 ο
790 2263 927 2346 δύναμις,
957 2273 1079 2341 quartos
1106 2268 1144 2326 nb
1176 2261 1295 2347 ἔχὀυσα
1316 2279 1345 2328 et
1367 2271 1409 2328 sio

294 2380 439 2454 deinceps.
485 2374 544 2434 Sed
576 2375 712 2448 quonism
740 2375 796 2432 hoe
816 2374 990 2450 hymnorum
1012 2392 1105 2449 genus
1127 2375 1214 2434 etism
1235 2394 1314 2436 nuno
1331 2378 1408 2453 apud

296 2487 424 2547 Graecos
439 2484 528 2559 viget,
549 2489 773 2540 eonsentuneum
795 2481 911 2540 videtur
931 2481 967 2540 de
986 2480 1023 2539 iis
1044 2481 1192 2541 domestici
1209 2483 1312 2542 arbitri
1331 2481 1408 2543 Con·
1520 2540 1521 2572 γ

295 2592 414 2654 ειαοώυί
424 2587 634 2667 Οεουοοιοί“)
649 2589 748 2648 verbis
764 2589 914 2648 disserere.
937 2582 976 2649 ι0
993 2584 1214 2668 Ἀλεξανδρεὺς
1229 2585 1407 2651 Ἀπυλλινά-
1520 2597 1521 2608 ἢ

296 2721 370 2784 ριος,
390 2700 494 2777 inquit,
526 2693 607 2762 ὅστις
636 2692 768 2756 ἐτώνισεν
791 2693 834 2761 είς
862 2691 1012 2776 ἑξάμετρα
1034 2690 1093 2773 ἔπη
1114 2693 1148 2754 τὸ
1172 2695 1338 2776 ψαλτήριον
1351 2697 1409 2780 Ικαὶ

297 2807 370 2889 ὅλην
391 2804 501 2888 σχεδὸν
521 2802 574 2884 τἠν
597 2800 684 2862 θείαν
707 2799 730 2863 Γ
734 2801 846 2884 ραφὴν,
871 2799 962 2867 αὐτὸς
986 2797 1075 2866 οὖτος
1098 2797 1174 2862 κατὰ
1195 2800 1248 2881 τὴν
1274 2801 1407 2863 πλειοτέ·
1520 2891 1521 2894 ρ

296 2935 349 2997 ραν
380 2912 503 2994 γνώμην
538 2907 665 2989 ἐποίησε
697 2907 750 2970 καὶ
781 2906 853 2975 τοὺς
889 2905 992 2974 οἴκους
1018 2911 1072 2988 τῆς
1102 2905 1275 2986 Θεοτόκου,
1304 2908 1408 2974 οίτινες

297 3018 467 3100 σύγκεινται
495 3015 554 3078 ἀπὸ
583 3011 739 3097 διαφόρων
774 3015 884 3099 στίχων
908 3014 1074 3095 λογοειδών
1097 3015 1237 3081 ποικίλας
1258 3015 1408 3096 συζυγίας,

297 3127 371 3194 ίίλας
398 3121 605 3208 μετρουμένας
627 3121 704 3185 κατὰ
726 3121 843 3184 τονικὸν
868 3121 985 3204 ῥυθμὸν
1008 3122 1066 3181 τών
1089 3123 1262 3206 συλλαβών.
1307 3119 1411 3190 Εὐθὺς
1520 3129 1521 3166 ί

295 3235 328 3297 τὸ
352 3231 513 3316 προοίμιον
532 3227 685 3316 περιέχει·
713 3233 747 3310 α)
769 3229 837 3310 μίαν
862 3228 1003 3308 συζυγίαν
1026 3226 1100 3292 ίσων
1122 3230 1233 3292 κώλων
1258 3233 1409 3312 στιχηρών

296 3340 546 3424 έπτασυλλοίβων,
571 3337 606 3400 ἐκ
630 3336 742 3406 λέξεων
765 3335 845 3417 ὅλων
866 3334 1091 3418 παροξυτόνων,
1112 3335 1191 3418 πλὴν
1214 3338 1268 3417 τῆς
1287 3337 1411 3418 πρώτης
1520 3385 1521 3402 ,

294 3449 348 3510 τοῦ
368 3449 491 3530 πρώτου
514 3447 629 3521 κώλου,
656 3439 1036 3526 προπαροξυτονουμένης·
1074 3442 1105 3526 β)
1125 3441 1226 3525 στίχον
1245 3440 1410 3524 παροξώτο·

295 3576 345 3618 νυν
372 3551 618 3636 δεκασιίλλαβυν·
653 3550 685 3629 γ)
707 3546 803 3629 ἄλλην
831 3546 973 3627 συζυγίαν
1007 3547 1258 3635 ἐννεασυλλάβων
1287 3550 1409 3624 κώλων,
1520 3555 1521 3562 ’

295 3662 449 3744 ληγόντων
471 3659 514 3726 εἰς
534 3657 674 3726 ὀξώτονον
698 3653 796 3724 λέξιν·
817 3655 860 3722 εἰς
883 3653 918 3716 δὲ
941 3656 975 3717 τὸ
996 3655 1084 3725 τέλος
1105 3661 1158 3740 τῆς
1177 3655 1321 3738 συζυγίας
1340 3655 1410 3717 ἀκο-
1520 3709 1521 3744 ἡ

296 3827 498 3840 —---

318 3926 345 3992 *)
359 3921 426 3978 Ἀπὸ
445 3918 569 3992 Βηθλεὲμ
585 3918 620 3970 hd
637 3920 713 3990 πάγω
885 3917 952 3992 Φέρε
972 3919 1001 3972 τὸ
1022 3921 1120 3992 βιβλίον
1142 3917 1232 3974 house

363 4016 394 4084 μὲ
413 4013 459 4084 τὴν
476 4007 699 4081 μητροπάρβτνον,
718 4013 769 4063 που
887 4011 949 4082 φέρι
968 4009 1014 4084 τὴν
1037 4011 1116 4084 λώραν
1138 4007 1273 4081 Προρῆτα,

358 4105 383 4162 ’ς
403 4109 459 4161 ταῖς
479 4101 603 4172 ἀγκάλαις
622 4100 651 4153 τὸ
672 4101 767 4174 βρέφος
787 4119 833 4172 της
885 4101 927 4154 διὰ
943 4102 969 4153 ν’
981 4103 1121 4175 ἀφιερώσιο
1139 4099 1213 4172 τώρα

363 4195 433 4267 φέροι
453 4191 516 4264 πρὸς
536 4190 599 4246 θεοῦ
613 4191 659 4246 τὸν
679 4193 762 4246 οἶκον.
887 4172 975 4266 ίῖρυίς
991 4193 1016 4250 ’ς
1033 4191 1078 4244 τὸν
1095 4187 1205 4262 Χριστὸν
1224 4189 1295 4260 ἆσμα
1313 4211 1339 4244 κ.
1350 4210 1373 4244 τ.
1387 4193 1411 4248 λ.

327 4295 373 4362 **>
391 4292 453 4366 Περὶ
470 4299 516 4366 τῆς
533 4295 638 4366 γνησίας
658 4300 791 4366 προφορᾶς
809 4299 856 4365 τῆς
874 4294 1011 4362 ἑλληνικῆς
1027 4290 1149 4361 γλώσσης
1168 4309 1195 4360 γι.
1212 4291 1272 4348 667.
