3066 5102
138 563 198 623 Hie
222 561 299 621 tertii
326 555 460 618 versiculi
487 552 629 614 sententia
652 557 697 610 asi
722 547 772 608 καὶ
800 545 829 607 οἱ
857 547 1043 627 κομποῦντες
1070 549 1246 631 (καυχώμε-

138 671 200 747 νοι)
230 666 281 728 καὶ
311 661 450 744 λέγοντες
472 662 514 726 ὡς
541 655 648 741 ἔχουσι
670 656 789 740 φιλους.
841 654 1007 733 Stephanus
1035 653 1186 716 Sachleoss
1208 658 1246 715 ad

138 779 363 836 Pbrautzesoem
380 771 473 830 filium
494 769 555 846 (ep.
575 763 645 826 Cor.
667 765 737 823 ibid.
754 783 783 840 p.
805 763 898 840 220):

158 893 165 900 ’
222 880 272 944 καὶ
292 876 455 958 ὁπόδειχνε
478 872 529 935 καὶ
552 871 650 952 γάπαν
673 889 733 946 τον,
755 867 839 952 κεῖχτ
860 867 912 949 τὴν
936 867 1119 951 λογοράραν,

222 987 337 1071 ἐρπρὺς
358 983 426 1045 στὸν
449 980 545 1042 dodae
563 981 715 1061 προςκονᾷ
733 975 773 1058 μὲ
792 976 845 1057 τὴν
868 973 985 1056 πολλὴν
1008 978 1173 1060 τρομάραν.

136 1100 221 1158 Haeo
239 1096 282 1156 sio
298 1090 495 1152 emendanda:

221 1223 251 1262 κι
272 1199 339 1262 baio
357 1197 469 1279 ’δειχνε
489 1193 541 1255 καὶ
560 1193 659 1276 γάπαν
681 1213 741 1269 τον,
762 1190 793 1253 κ’
815 1190 882 1277 εἶχε
903 1191 956 1274 τὴν
973 1191 1161 1276 ’λιγομοὶραν,

223 1282 338 1389 ἐῇἷτρὸτ
354 1303 380 1369 ’ς
401 1303 452 1364 τὸν
473 1303 571 1365 δοῦπον
590 1303 741 1385 προςκυνᾷ
763 1300 801 1382 μὲ
823 1301 875 1383 τὴν
897 1299 1015 1381 πολλὴν
1038 1301 1204 1384 τρομοὶραν.

137 1417 227 1480 Recte
248 1414 355 1475 Coraes
377 1413 448 1471 l.e.2
469 1411 485 1472 ὁ
509 1407 651 1493 δεύτερος
666 1407 716 1470 καὶ
737 1406 803 1469 ἀντὶ
823 1412 878 1471 τοῦ
901 1407 955 1470 ὅτι.
998 1404 1041 1469 Τὸ
1064 1405 1174 1492 νόημα,
1195 1413 1246 1475 καὶ

138 1523 218 1588 ὅστις
239 1517 383 1600 ἔδειχνεν,
402 1517 447 1580 ὅτι
466 1518 519 1580 τὸν
538 1517 642 1600 ἠγάπα
661 1539 689 1578 κ.
711 1536 738 1578 τ.
762 1517 790 1578 λ.
838 1517 899 1580 Ubi
918 1519 1133 1577 observandum
1151 1538 1166 1578 ν
1188 1527 1246 1580 ter-

137 1631 195 1690 tiae
218 1646 360 1711 personae
386 1628 544 1707 singularis
565 1624 726 1708 imperfecti
752 1626 889 1684 eanbaoti
908 1622 1060 1706 adjectum,
1082 1644 1172 1703 quum
1192 1624 1244 1706 γά·

136 1756 196 1796 παν
218 1735 296 1794 dieat
314 1740 400 1809 podia
417 1753 472 1810 pro
489 1729 594 1813 ἠγάπα
613 1731 692 1807 quod
709 1731 799 1806 vulgo
819 1741 865 1790 est
877 1728 1034 1812 ἀγαποῦοε
1048 1731 1245 1812 (ἠγαποῦοε).

219 1842 389 1917 Aliquando
415 1859 469 1916 pro
495 1837 513 1920 ἢ
540 1840 655 1918 νοοπῙοΙ
665 1839 862 1916 comparativa
880 1837 943 1898 sive
964 1837 1095 1916 genitivo
1114 1839 1245 1915 ejusdem

136 1952 179 2010 rei
199 1951 293 2008 indiae
312 1956 478 2025 usurpatum.
512 1946 680 2024 Georgillas
697 1947 729 2005 in
750 1948 851 2006 eodem
868 1953 1001 2024 poemate
1012 1945 1105 2024 (apud
1121 1946 1244 2008 Coraim

137 2057 207 2118 ibid.
228 2075 257 2132 p.
278 2056 368 2135 rm:

221 2160 339 2224 ezer*
321 2183 396 2242 ηοαι
419 2157 546 2220 δυνατὸν
569 2155 677 2239 θηρίον
701 2157 795 2219 πλέον
812 2160 864 2220 καὶ
882 2159 915 2220 τὸ
936 2161 1094 2243 λεοντοίρη,

220 2269 271 2329 καὶ
293 2265 368 2328 οὐδέ
353 2288 384 2326 νν
408 2286 463 2326 σου
486 2263 666 2347 οφοὶζοον”
644 2284 774 2346 αρματα,
797 2263 853 2327 κᾶν
876 2267 945 2347 μιᾶς
967 2265 1049 2345 λογὶς
1069 2265 1191 2349 Ειφοὶρη.

138 2375 276 2452 Corrige:

213 2477 299 2542 dtat’
325 2477 405 2542 εἶπαι
425 2477 551 2540 δυνατὸν
575 2476 634 2560 dap
638 2477 683 2540 rba
705 2481 776 2542 πλι
761 2481 794 2542 ν
819 2480 870 2542 καὶ
891 2479 925 2541 τὸ
947 2480 982 2541 λε
968 2481 1094 2562 οντοίρι,

221 2611 250 2648 κι
270 2586 360 2648 οὐδὲν
383 2585 418 2647 οὲ
441 2585 622 2665 cupoiioor‘⁷
599 2607 730 2668 αρματα,
752 2585 808 2648 κᾶν
833 2589 902 2694 μιᾶς
922 2588 1015 2666 λογῆς
1038 2586 1150 2672 Ειφοὶρι.

241 2672 307 2754 vi.
327 2716 352 2756 e.
374 2691 455 2756 ὅτιε
455 2691 561 2775 dap
560 2713 593 2752 ον
615 2693 822 2777 δυνατώτερον
844 2699 898 2756 τοῦ
919 2690 1051 2760 λέοντος.

136 2799 360 2866 Pr0u0minibu's
377 2804 511 2879 junonum
531 2801 608 2860 idam
627 2802 706 2860 valet
723 2804 804 2878 quod
823 2799 858 2862 ἂν
879 2804 959 2880 apud
980 2811 1102 2866 veteres

221 2913 388 2990 Stephanus
409 2908 563 2968 Saohleees
585 2909 622 2968 de
643 2910 774 2967 custodia
795 2927 850 2968 sua
860 2911 921 2987 (ap.
935 2909 1002 2970 cor.
1020 2912 1090 2971 ibid.
1107 2934 1137 2990 p.
1154 2917 1244 2993 163):

285 3018 337 3078 καὶ
355 3014 423 3078 τότε
446 3014 462 3076 ὁ
486 3011 664 3096 κακότοχος,
687 3012 793 3081 ὅποιος
813 3016 863 3077 ναὶ
880 3012 925 3078 ἔνι
946 2995 1045 3083 νεῖνος

336 3126 356 3184 i.
376 3145 401 3183 e.
422 3121 474 3184 καὶ
494 3118 562 3182 τότε
585 3121 601 3183 ὁ
623 3121 805 3204 κακοτυχής,
828 3121 922 3206 ὅσπερ
943 3121 978 3185 ἂν
999 3119 1032 3207 ᾖ.
1055 3159 1096 3172 —-

138 3230 401 3316 ἐγγαστρωρένην]
421 3229 548 3302 eorrexi;
572 3227 824 3311 ἑγγαοτρωμένης
844 3231 956 3292 Codex.

220 3340 261 3398 V.
280 3342 349 3400 103.
391 3335 490 3442 aja]
519 3336 655 3414 rescripsi
673 3355 727 3412 pro
745 3335 796 3397 aad
816 3335 869 3398 ἐὰν
890 3341 968 3415 quod
986 3339 1105 3398 exbibet
1124 3342 1228 3400 codex.

219 3551 247 3610 E
268 3549 455 3626 sequentibus
479 3569 595 3628 quoque
613 3569 709 3632 pauoa
726 3555 833 3612 notabo
853 3553 968 3628 menda,
991 3554 1089 3614 omnia
1103 3573 1179 3631 quae
1200 3555 1246 3613 ri·

135 3659 211 3716 tiosa
228 3667 297 3716 sunt
313 3665 535 3734 memoraturus,
555 3659 582 3719 si
602 3667 830 3718 totumoarmen
850 3661 936 3720 edera
956 3662 1028 3722 mihi
1048 3662 1159 3724 liberet.

219 3763 259 3822 V.
284 3764 352 3822 112.
393 3760 538 3843 ipsiipsi<
564 3768 617 3846 τῆς
636 3761 818 3846 Χριστιανῆς
845 3761 944 3847 ὄνομα
970 3767 1004 3828 τὸ
1027 3765 1156 3846 Ποιτζιά]
1187 3769 1244 3826 Le·

136 3872 264 3948 gendum
276 3865 441 3937 Τοπατζία.
467 3870 547 3930 Nam
567 3880 770 3949 praeterquam
789 3874 867 3948 quod
886 3873 966 3934 illius
987 3875 1118 3935 mulieris
1138 3895 1245 3936 nomen

136 3978 219 4037 Julia
236 3979 367 4056 Topazia
384 3977 463 4053 apud
482 3976 653 4038 Boeeedum
679 3987 733 4051 est,
756 3979 823 4056 ipsa
840 3981 982 4056 graeeitm
1001 3983 1077 4042 haue
1094 3983 1246 4043 eorrectio·

135 4103 202 4142 nsm
221 4086 343 4161 flagitat.

218 4189 337 4249 Vm.
370 4186 408 4250 τὰ
430 4185 485 4251 δύο
506 4187 752 4272 ἀναθρέφοοντα,
773 4189 948 4273 τάροενικὸν
970 4191 999 4253 κ’
1009 4192 1036 4274 ἡ
1058 4191 1151 4276 κόρη]
1170 4197 1246 4274 Lug.

136 4292 384 4378 ἀνοθρέφοονται
405 4297 426 4355 i.
440 4316 466 4357 s.
485 4293 715 4378 ἀνατρέφονταν.
754 4298 872 4358 Etenim
888 4295 996 4382 θρέφιο
1019 4311 1049 4362 et
1068 4299 1171 4384 θρορή
1191 4323 1247 4380 pro
