3066 5102
632 395 782 482 A

152 596 217 636 sum
245 577 296 637 57.
349 577 466 634 Etenim
501 585 616 652 praeter
649 577 763 634 Ducam
795 595 863 652 pag.
893 576 1000 649 190,5
1034 580 1178 637 neminem
1206 579 1265 637 scio

152 685 321 761 scriptorem
340 683 391 758 qui
413 680 429 741 6
453 679 562 763 ἀνδρος
580 703 634 759 pro
656 681 671 742 6
694 679 770 762 ἀνὴρ
802 682 832 740 in
860 703 965 759 graeco
991 703 1123 743 sermone
1141 704 1264 761 usurpe-

153 791 238 863 verit‚
258 792 311 850 etsi
335 810 393 849 non
420 789 523 867 ignoro
545 807 603 847 non
625 789 719 846 solum
740 787 890 848 Tzecones
909 792 1067 868 locupletes
1088 792 1175 868 hujus
1194 811 1264 852 ano·

153 899 256 958 malias
282 908 414 956 auctores
439 914 526 973 posse
550 896 651 954 haberi
676 895 783 970 quibus
812 895 828 956 6
862 894 956 977 μηνός
983 899 1059 957 idem
1088 900 1126 958 sit
1146 897 1262 976 quod6

152 1002 209 1084 μήν
219 1004 261 1082 *)‚
283 1005 334 1062 sed
354 1005 434 1080 ipsos
450 1004 536 1062 etiam
554 1013 667 1062 veteres
682 1003 808 1079 plurima
819 1005 961 1063 vocabula
974 1006 1161 1065 deuteroclita
1176 1007 1263 1065 simul

150 1120 181 1170 et
200 1112 336 1170 tritoclita
357 1129 421 1170 esse
443 1111 580 1171 voluisse.
616 1110 724 1171 Confer
743 1109 758 1169 6
783 1108 934 1194 μα’ρτορος
952 1113 1030 1188 apud
1051 1113 1222 1186 Homerum,
1245 1112 1260 1172 6

152 1215 258 1283 διὀπος
284 1220 362 1294 apud
387 1219 577 1297 Aeschylum,
607 1217 622 1277 6
648 1216 756 1283 ἰκτῖνος
775 1220 854 1295 apud
874 1217 1046 1295 Sophoclem
1075 1239 1141 1279 cum
1161 1220 1262 1278 tertiae

150 1325 348 1384 declinationis
367 1326 533 1385 nominibus
553 1325 675 1406 μάρτυς,
696 1323 777 1405 tuq,
801 1323 882 1386 ἰκτίν.
933 1327 1005 1386 Alia
1025 1327 1093 1387 vide
1110 1329 1188 1404 apud
1204 1328 1261 1386 Lo·

151 1426 282 1492 beckium
302 1433 452 1511 Paralipp.
472 1431 574 1492 Grem.
598 1431 652 1492 Gr.
674 1452 703 1508 p.
729 1434 788 1493 136
802 1451 884 1510 seqq.

232 1541 272 1599 V.
292 1540 341 1600 92.
380 1538 406 1606 ’t
426 1538 459 1600 τὸ
481 1536 654 1620 εὖντήριον]
673 1540 791 1615 scripsi;
814 1538 857 1605 εἰς
874 1539 908 1600 τὸ
932 1537 1088 1622 εὐκτήριον
1111 1540 1221 1600 Codex.

233 1646 272 1705 V.
294 1645 345 1705 93.
387 1643 499 1722 οὕτως]
529 1647 646 1721 reposui
672 1665 726 1722 pro
754 1665 789 1703 eo
816 1649 893 1721 qnod
914 1649 945 1707 in
966 1649 1062 1708 codice
1084 1658 1129 1708 est
1154 1645 1258 1712 ὄντως.

147 1756 184 1814 Id
212 1760 309 1814 eutem
340 1752 483 1810 sententia
508 1752 629 1827 flagitat.
674 1750 723 1811 Sic
743 1770 831 1810 versu
861 1755 922 1813 317
954 1751 1088 1818 ἀκούσας
1112 1753 1212 1826 ταῦτ’,
1242 1753 1258 1812 6

150 1859 293 1942 Φλώριος
323 1857 421 1924 οὕτως
448 1857 499 1919 τὸν
528 1855 689 1937 ἀπεκριθη.
736 1857 795 1918 Sed
821 1868 944 1936 utroque
969 1862 1031 1919 loco
1052 1857 1150 1925 οὕτως
1169 1880 1258 1937 quum

148 1971 186 2028 ed
204 1967 355 2044 sequentia
372 1975 480 2043 spectet
496 1985 563 2024 eum
581 1966 669 2024 habet
689 1984 784 2039 usum,
803 1987 890 2042 quem
903 1967 983 2044 apud
1004 1967 1188 2043 antiquos'et
1209 1967 1258 2026 bo·

149 2094 203 2134 uos
225 2075 378 2152 scriptores
403 2067 477 2133 ὧδε.
496 2106 538 2116 -
577 2070 792 2153 ἀπηλογήθην]
822 2072 1013 2155 ἀπελογήθη,
1033 2072 1257 2155 ἀπελογήσατο.

149 2181 332 2242 constructio
363 2180 464 2237 eadem
493 2177 610 2252 quidem
642 2187 686 2234 est
706 2181 784 2254 apud
809 2181 962 2238 Platonem
981 2183 1090 2242 Phaed.
1109 2202 1138 2257 p.
1158 2180 1208 2241 69.
1228 2180 1258 2238 D

148 2286 231 2348 ταῦτ’
253 2283 307 2345 οὖν
335 2282 406 2363 ἐγώ,
433 2278 503 2364 ἔφη,
526 2281 551 2342 ὦ
574 2278 689 2362 Σιμμία
715 2303 748 2342 τε
768 2282 819 2344 καὶ
837 2279 940 2366 Κέβης
963 2282 1185 2364 ἀπολογοῦμαι,
1207 2286 1258 2342 sed

148 2402 234 2471 poeta
258 2393 390 2470 vulgetis
422 2392 517 2451 ταῦτα
543 2398 668 2466 usurpat
690 2410 744 2467 pro
771 2388 854 2452 τάδε.
899 2393 1056 2452 Praeterea
1077 2387 1257 2471 ἀπελογήθη

147 2521 201 2580 pro
222 2498 434 2581 ἀπελογήσατο
462 2498 623 2558 adhibitum
643 2498 796 2573 antiquum
817 2500 903 2558 habet
920 2508 1068 2559 auctorem
1089 2499 1256 2575 Antiphon-

147 2620 207 2667 tem
228 2608 310 2668 Oret.
332 2607 376 2680 11,-
393 2627 419 2686 γ,
443 2606 457 2665 1
489 2614 519 2665 et
539 2603 565 2680 δ,
589 2607 608 2664 3
631 2605 674 2668 ὡς
696 2602 750 2685 μὲν
775 2599 827 2663 οὖν
850 2601 1006 2664 ἀπέκτεινε
1023 2603 1074 2665 τὸν
1100 2601 1204 2686 ἀνδρα,
1225 2602 1255 2664 ἐν

149 2717 192 2798 τῷ
215 2709 354 2796 προτέρῳ
386 2709 469 2794 λόγῳ
489 2707 708 2790 ἀπεδείξαμεν·
739 2711 781 2774 ὡς
810 2709 845 2770 δὲ
871 2707 927 2771 οὐκ
948 2709 1050 2794 ὀρθῶς
1067 2707 1255 2791 ἀπελογήθη,

148 2824 200 2883 νῦν
224 2817 437 2904 πειρασόμεθα
454 2814 639 2898 ἐλέγχοντες.
655 2826 683 2876 et
706 2816 761 2891 δ,3
781 2815 837 2897 ἐμὲ
858 2815 893 2878 δὲ
909 2820 1057 2899 προςήκει
1075 2815 1164 2878 οὐδὲν
1178 2815 1255 2878 ἄλλο

147 2928 267 3010 ἣπρὸς
286 2927 338 3007 τὴν
366 2921 530 3007 μαρτυρίαν
553 2925 606 2982 τοῦ
635 2921 809 2984 ἀκολούθου
846 2921 1086 3004 ἀπολογηθῆναι.
1129 2924 1256 2984 Omnino

148 3036 282 3114 quamvis
306 3034 385 3110 apud
405 3030 544 3090 citerioris
570 3031 673 3090 aetatis
699 3031 826 3092 Graecos
848 3032 942 3091 medio
966 3040 1097 3090 carentes
1118 3032 1255 3090 solemnis

148 3146 187 3204 sit
206 3141 317 3221 passivi
335 3157 407 3198 usus
429 3159 481 3215 pro
503 3137 607 3209 medio,
629 3146 726 3198 tamen
747 3157 956 3215 nonnunquam
976 3140 1076 3199 eodem
1098 3140 1183 3198 modo
1205 3158 1255 3198 ve·

148 3263 223 3310 teres
238 3269 303 3310 esse
323 3250 434 3308 locutos
452 3247 585 3322 exempla
602 3246 632 3304 in
653 3247 782 3322 antiquis
798 3247 960 3304 litterarum
979 3247 1174 3306 monumentis
1195 3263 1256 3304 ser·

148 3364 217 3416 vata
246 3359 378 3431 probent.
420 3355 464 3414 Iis
493 3371 586 3430 nuper
616 3353 737 3413 accessit
772 3358 887 3411 vetusta
913 3351 1063 3429 inscriptio
1092 3351 1256 3428 Corcyraeo

148 3463 290 3524 aoristum
312 3458 447 3542 ἐπονήθη
468 3459 711 3542 protectricem
733 3460 860 3538 positum
877 3459 1028 3518 exhibens.
1059 3460 1147 3518 Hanc
1168 3459 1255 3536 paulo

148 3579 216 3630 ante
237 3569 386 3627 inventam
413 3585 489 3628 anno
519 3570 599 3630 1844
622 3570 733 3628 Romae
762 3568 926 3644 divulgavit
945 3568 980 3626 P.
1003 3567 1043 3634 G.
1064 3566 1202 3628 Secchius
1222 3566 1254 3624 in

147 3677 231 3735 libro‘
247 3675 298 3751 qui
322 3671 503 3733 inscribitur:
532 3676 657 3737 Leniore
683 3693 769 3751 sopra
796 3671 929 3734 l'sroaice
950 3677 1128 3752 paleografie
1154 3690 1255 3732 monu-

148 3781 274 3842 mentale
294 3779 325 3838 di
339 3777 479 3838 Corintho
494 3800 512 3839 e
530 3783 605 3842 delle
618 3803 671 3844 sus
685 3782 805 3853 colonie,
818 3799 835 3839 e
855 3782 1052 3842 illustracione
1069 3781 1139 3839 d’nn'
1158 3779 1254 3838 antico

148 3888 327 3965 epigramma
345 3885 504 3959 Oorcirese‚
529 3899 631 3965 posteo
649 3888 888 3950 Schneidewinus
909 3889 940 3946 in
959 3887 1114 3964 Ephemer.
1133 3886 1254 3945 litterar.

149 3993 321 4070 Gotingens.
342 3994 411 4054 fasc.
433 3993 473 4053 98
495 4013 588 4056 mens.
607 3996 680 4068 Jnn,
703 3995 783 4058 1845
804 4001 838 4052 εν
851 3995 920 4054 Joh.
939 3994 1082 4052 Franzius
1103 3993 1133 4050 in
1156 3993 1254 4069 Ephe-

149 4118 220 4158 mer.
239 4101 568 4162 Archaeohann.1847
589 4102 629 4160 N.
637 4103 677 4162 18
690 4121 720 4185 p.
731 4102 899 4162 377-386
920 4108 1089 4160 tractarunt.
1117 4099 1255 4160 Secchius

150 4241 350 4256 Ἀ

216 4313 249 4381 *)
264 4313 325 4364 Vid.
342 4315 475 4376 Thiersoh.
491 4321 555 4388 disp.
573 4323 605 4372 da
623 4319 702 4374 Taso.
719 4319 781 4370 dial.
798 4333 823 4384 p.
839 4313 897 4370 591.
