3066 5102
819 362 859 420 ll

282 541 373 597 verbe
391 540 518 598 activum
547 540 683 616 adjuncta
712 542 832 618 psesivs
853 542 1064 618 significatione
1086 543 1204 614 habent,
1224 544 1254 600 in
1276 542 1313 600 iis
1330 543 1396 618 ple·

280 665 404 722 rumque
429 648 539 724 duplex
562 666 665 706 sensus
688 668 742 724 pro
770 649 932 707 sententiae
952 658 1058 709 natura
1076 652 1228 728 reperitur.
1269 649 1335 724 Qua
1355 650 1397 708 de

281 754 372 812 nesio
391 763 468 814 recte
489 755 589 814 Julius
606 755 714 814 David.
736 752 815 838 llup.
834 757 887 836 τῆς
908 753 973 815 ἑλλ·
992 756 1043 817 καὶ
1064 778 1111 839 ηρ.
1130 759 1245 838 γλωσσ.
1268 757 1330 816 σελ.
1340 759 1397 818 88.

274 856 315 922 ‘0
338 861 634 943 πολλαπλασιασμδς
660 865 719 924 τῶν
744 859 916 944 οὐδετέρων
948 861 1143 946 ῥημάτων,ἢ
1170 863 1219 924 διὰ
1240 862 1278 924 νδ
1301 860 1396 924 είπω-

229 1045 235 1052 ,
282 989 336 1051 μεν
358 966 569 1053 ἀκριβέστερα,
597 969 617 1050 ἡ
649 967 797 1051 συνήθεια
818 967 856 1030 νὰ
877 969 1064 1053 λαμβάνεται
1081 969 1114 1032 τδ
1136 970 1324 1053 ἐνεργητικὸν
1350 970 1395 1037 εἰς

280 1074 451 1159 παθητικὴν
481 1076 644 1157 οημαοίαν,
670 1075 900 1159 ἐπικρατήσασα
925 1075 974 1137 ἐπὶ
995 1077 1118 1138 πολλῶν
1148 1078 1299 1161 βημάτων,
1322 1079 1394 1139 ὠλι-

280 1182 427 1266 γύστευσε
447 1182 526 1244 πολὺ
549 1183 601 1266 τὴν
620 1187 728 1268 χρῆσιν
752 1187 807 1245 τοῦ
823 1183 1004 1265 παθητικοῦ.
1030 1180 1084 1250 Εἰς
1101 1184 1248 1247 radcard
1271 1185 1392 1267 βήματα

281 1291 358 1354 ἄλλο
383 1291 433 1353 δὲν
453 1293 583 1361 σώζεται
612 1289 673 1354 ἀπδ
697 1289 789 1358 ὅλους
818 1290 888 1358 τοὺς
907 1289 1096 1374 παθητικούς
1114 1290 1245 1375 χρόνους
1265 1291 1349 1375 παρὰ
1372 1293 1393 1374 ἡ

281 1399 396 1482 μετοχὴ
418 1401 472 1460 τού
492 1396 729 1480 παρακειμένου.
767 1394 809 1460 Τδ
833 1402 927 1476 σπῶ,
951 1399 1020 1482 ἀορ.
1044 1396 1175 1474 ἔσπασα,
1199 1397 1320 1480 λέγεται
1342 1399 1395 1462 ἐπὶ

281 1505 434 1588 ἐνεργείας
451 1505 502 1567 καὶ
524 1507 652 1578 πάθους,
673 1503 757 1564 τὸδὲ
776 1503 950 1586 σπασμένος
970 1505 1021 1567 δὲν
1036 1505 1273 1590 ἐπαμφοτερίίει
1285 1506 1393 1584 πλέον,

281 1612 361 1675 ἀλλὰ
387 1611 507 1693 λέγεται
536 1611 585 1673 ἐπὶ
615 1609 734 1679 πάθους
758 1610 860 1694 μύνον.
913 1608 954 1674 Τὸ
986 1611 1060 1676 αὐτὸ
1083 1611 1202 1675 ἔπαθαν
1225 1614 1275 1676 καὶ
1299 1615 1390 1698 μυρία

280 1719 372 1783 ἄλλα.
416 1723 504 1782 Adde
535 1721 638 1782 Corsis
666 1720 891 1799 disputationem
924 1724 962 1781 ed
991 1724 1200 1799 Ptoehoprodr.
1224 1743 1252 1799 p.
1280 1724 1383 1782 125-

282 1833 351 1891 131.
394 1830 549 1890 Caeterum
576 1831 658 1889 nulla
685 1830 716 1887 in
747 1850 779 1889 re
807 1849 826 1888 e
849 1831 1027 1906 reliquorum
1053 1831 1231 1890 Graecorum
1253 1829 1390 1906 loquendi

279 1940 487 2000 consuetudine
512 1940 629 2015 longius
655 1944 837 1995 recesserunt
857 1938 982 2013 plusque
1000 1938 1056 1995 sibi
1075 1933 1260 1997 indulserunt
1281 1936 1388 2011 singuli

279 2049 443 2125 scriptores,
470 2064 559 2122 quem
587 2045 618 2101 in
639 2044 687 2102 his
708 2046 864 2102 verborum
883 2045 1049 2119 generibus.
1085 2046 1122 2103 In
1143 2046 1270 2104 carmine
1292 2042 1334 2108 εἰς
1353 2041 1387 2102 τὸ

278 2152 363 2234 άηιον
386 2153 503 2236 πάσχα,
524 2153 602 2230 qnod
620 2172 658 2212 ex
677 2153 861 2228 Hirmologio
883 2155 1064 2230 depromtnm
1087 2171 1176 2229 supra
1196 2151 1288 2229 posui,
1311 2150 1386 2225 legi·
1507 2140 1508 2166 ³

277 2272 326 2322 tur
354 2281 398 2322 vs.
419 2263 460 2322 30
489 2261 653 2344 βασιλικῶς
686 2257 842 2342 βρυχήσας
871 2261 914 2324 ῶς
944 2257 975 2326 ἐξ
1000 2256 1103 2320 Ἰούδα
1127 2258 1224 2337 λέων,
1254 2259 1388 2334 quemvis
1509 2244 1510 2260 ¹

280 2371 386 2431 Graeci
404 2391 438 2429 eo
461 2388 548 2427 sensu
571 2365 737 2450 βρυχηθεὶς
758 2368 853 2426 dicere
870 2369 992 2427 soleant.
1036 2367 1095 2428 Sed
1113 2369 1206 2426 multa
1223 2367 1389 2442 hujusmodi

278 2478 412 2554 exempla
434 2473 643 2558 άκροστιχίδες
662 2486 692 2534 et
713 2476 841 2535 carmine
863 2477 1056 2535 ecclesiastice
1076 2478 1223 2552 praebent.
1261 2473 1387 2551 Symeon

277 2587 441 2664 Logotheta
467 2584 544 2661 apud
566 2583 694 2642 Leonem
721 2583 866 2642 Alletinm
887 2585 923 2641 de
944 2582 1122 2660 Symeonum
1142 2583 1256 2660 scriptis
1271 2603 1301 2659 p.
1327 2583 1385 2642 133

277 2696 364 2754 vs.8
394 2692 454 2754 ἀπὸ
484 2692 591 2774 ψυχῶν
613 2691 784 2764 κενῶσατε,
814 2691 937 2751 πολλῶν
967 2688 1088 2772 θρήνων
1111 2688 1192 2758 ἀξίαι
1211 2692 1230 2749 ι’.
1251 2711 1276 2749 e
1297 2690 1385 2748 disce·

278 2803 337 2861 dite
357 2820 395 2860 ex
415 2801 519 2860 animis
540 2802 664 2858 honores
685 2799 886 2856 lacrimabiles.
904 2800 1006 2858 Verba
1025 2800 1088 2876 ejus
1107 2805 1187 2858 sunt:

358 2956 436 3020 Ἀπὸ
462 2954 625 3040 βλεφάρων
650 2954 776 3036 δάκρυα,
799 2953 859 3017 eisd
882 2955 1009 3038 καρδίας
1029 2951 1151 3025 πόνους,

357 3063 436 3128 ’Ass
462 3067 563 3148 ψυχῆς
585 3062 745 3145 μετάνοιαν
767 3061 930 3146 προςφέρω
953 3083 1001 3123 σοι
1020 3063 1063 3142 τῷ
1085 3057 1198 3138 κτίστη.

361 3168 445 3254 Βέλη
469 3192 521 3254 μοι
541 3174 591 3232 νῦν
609 3167 766 3252 γεγόνασιν
791 3169 823 3231 αἱ
845 3169 1006 3253 φιλήδονοι
1028 3163 1165 3248 πράξεις·

359 3279 469 3362 ἡδοναὶ
494 3277 744 3361 μετεστράφησαν
768 3277 811 3343 εἰς
831 3275 971 3360 χαλεπὰς
993 3272 1112 3335 ὀδύνας.

344 3385 455 3454 ,Γένος
476 3377 591 3469 βροτῶν
616 3383 773 3447 εύύλιστον
796 3381 867 3446 οἴδα
888 3383 963 3468 πρὸς
985 3373 1149 3460 ἁμαρτίαν·

362 3493 431 3556 ἀλλ’
454 3493 527 3575 ἐγώ,
547 3495 616 3577 φεύ,
638 3491 835 3575 παρέδραμον
857 3492 908 3553 καὶ
930 3488 981 3570 τὴν
1004 3483 1115 3563 ἄλοχον
1139 3480 1239 3565 φύσιν.

362 3585 458 3664 Δεύτε
481 3601 577 3684 ψυχαὶ
600 3581 822 3684 φιλάνθρωποι,
845 3598 931 3658 δεύτε
954 3588 1094 3674 δακρύων
1116 3587 1238 3673 ὄμβρος,

361 3711 421 3773 αἰπδ
446 3712 553 3793 ψυχῶν
574 3708 729 3768 κενῶσατε
751 3705 873 3767 πολλῶν
896 3701 1018 3785 θρήνων
1043 3697 1133 3769 ἀξίαι.

355 3816 438 3902 Ἐρῶ
459 3840 486 3879 τι
506 3817 557 3878 καὶ
578 3812 777 3898 θρασύτερον,
801 3810 828 3872 εἰ
849 3813 915 3892 νικᾷ
934 3831 983 3870 σοι
1003 3807 1183 3894 χρηστότης,

362 3923 486 4009 Χριστέ,
508 3923 614 3986 κακίαν
635 3920 777 4004 ἄμετρον,
802 3917 850 3981 ἐπ’
878 3917 946 4001 ἐμοὶ
968 3919 1020 3979 νύν
1041 3916 1178 4001 φανήτω.

277 4099 403 4172 Reliqua
430 4093 573 4163 omittem3
601 4090 652 4147 sed
677 4087 751 4145 illud
779 4085 933 4146 κενῶσατε
963 4085 1013 4161 qui
1044 4083 1085 4140 sie
1109 4076 1274 4154 usurparit,
1301 4084 1333 4134 nt
1352 4078 1383 4134 vi

277 4203 462 4266 intransitiva
479 4203 635 4275 poneretur
653 4202 768 4271 praeter
790 4192 963 4271 Symeonem
985 4189 1128 4250 neminem
1148 4186 1207 4244 scio
1228 4194 1382 4245 auctorem.

279 4314 429 4390 Siquidem
451 4311 488 4367 eb
511 4311 565 4366 hec
582 4307 670 4380 longe
685 4304 819 4364 diversus
840 4310 885 4360 est
904 4295 1054 4374 Euripidis
1075 4313 1147 4355 usus
1166 4296 1271 4356 Bacch.
1294 4292 1371 4353 730:
