3066 5102
708 331 747 394 39

260 507 330 574 τοὺς
350 503 487 586 ἀληθοθς
505 497 707 587 Χριστιανοθς
725 507 776 590 καί
800 507 908 590 φιλους
927 513 980 572 τοῦ
1003 511 1121 592 κυρίου.

209 623 243 674 55
260 612 314 674 κᾶν
338 613 444 673 ἑκατὸν
467 610 658 695 κατέσφαξαν
680 613 788 697 ἄνδρες
810 615 913 680 τεκαὶ
935 620 1084 697 γυναῖκες,

261 720 312 780 καὶ
336 718 427 788 ὅσους
450 720 667 801 ἐγλυτώσασιν,
696 719 820 786 ὄπισθεν
840 722 912 790 τοὺς
932 722 1050 785 ἐδέσαν.

260 826 450 910 κατέσφαξαν
474 826 594 888 καὶτὸν
621 826 697 908 ἀνὴρ
720 826 836 911 ἐκείνης
857 834 910 911 τῆς
930 831 1083 912 χυναίκςις,

261 935 311 996 καὶ
332 935 385 1014 τὴν
406 934 550 1013 ηυναῖκαν
575 928 688 1015 ἔλαβον
712 931 828 1016 ἐκείνην
847 937 899 1018 τὴν
925 939 1052 1020 ὡραίαν.

261 1039 349 1102 Μετὰ
371 1039 405 1098 δὲ
428 1037 481 1119 τὴν
506 1039 657 1122 ἀναίρεσιν
680 1042 735 1102 τοῦ
759 1041 913 1124 ὁμοζύγου
935 1045 1046 1127 ταύτης

210 1158 245 1210 50
261 1146 439 1228 κλαιόμενη,
422 1145 627 1250 ὀδυρόμενη
651 1146 726 1228 μετὰ
751 1147 920 1231 θλιμμένου
941 1151 1055 1234 τρόπου

260 1255 311 1317 καὶ
333 1256 395 1321 τοῖς
417 1251 543 1335 ἀνόμοις
568 1250 705 1334 ἔλεγεν”
728 1254 781 1335 τὴν
804 1258 945 1340 ταπεινὴν
966 1259 1158 1363 μὲάφεῖλας,

260 1362 312 1443 την
332 1362 475 1443 ταπεινὴν
496 1360 546 1424 καὶ
568 1360 656 1444 θλιβε
659 1361 712 1442 ρην
733 1362 831 1424 καὶ“
804 1385 856 1444 την
879 1364 981 1428 πολλὰ
1003 1389 1066 1449 καμ
1068 1367 1136 1449 ένην

259 1470 304 1532 ότι
324 1469 484 1551 ἐσώθην’
471 1492 490 1548 η
513 1467 630 1550 ἐλεεινὴ
654 1469 697 1536 εἰς
717 1468 822 1532 ἄδικον
844 1470 986 1553 λιμένα”.

261 1553 345 1638 (λῖθ’
372 1575 461 1640 ἄθεοι
482 1575 656 1659 Σαρακηνοὶ
679 1575 893 1668 βλέποντες“
865 1601 918 1661 την
942 1580 1070 1664 ὡραίαν,

210 1691 243 1744 65
261 1682 313 1764 τὴν
337 1681 470 1763 θεωρίαν
493 1682 544 1742 καλ
565 1684 639 1744 τὸ’
622 1705 677 1744 ακε
669 1682 765 1764 ’ραιον
789 1684 948 1767 φρόνημοίν
970 1710 1032 1770 της,

260 1792 313 1874 τὴν
337 1787 489 1867 σόστασιν,
511 1789 546 1849 τὸ
565 1787 723 1873 ’βχενικόκ
745 1789 895 1854 πολλὰ“
868 1813 921 1873 την
944 1792 1133 1876 ἐθαυμόζαν.

259 1894 298 1959 Τί
318 1898 352 1958 τό
375 1897 483 1958 λοιπὸν
508 1895 541 1977 ἐχ
544 1894 647 1970 ένετος
671 1895 847 1980 ἐπήρασι“
820 1919 872 1980 την
889 1897 993 1982 κόρην,

260 2004 390 2088 φέρνουν
413 2027 465 2084 την
489 2005 532 2070 εἰς
552 2005 602 2066 τὸν
588 2003 757 2111 νβασιλιοί
780 2004 872 2068 αὐτὸν
858 2007 948 2089 ντην
968 2006 1166 2090 παραδίδουν.

258 2112 335 2194 πλὴν
357 2111 409 2191 τὴν
433 2111 554 2192 χαρίζει
576 2110 718 2190 δομενήν,
718 2085 955 2194 ἐξακριβῶς’
929 2136 981 2196 την
1004 2113 1097 2198 εἶχεν,

208 2232 242 2284 70
260 2216 474 2298 ἐξακριβῶς
447 2238 499 2297 την
520 2213 648 2298 ἔβλεπεν
669 2219 723 2297 τῆς
743 2214 888 2298 κόρης“
856 2239 909 2299 την
926 2218 1074 2300 ’βησνίαψ

260 2325 378 2406 ὑπῆρχε
400 2345 456 2404 ηαρ
477 2347 497 2404 η
515 2319 646 2407 ’βγενικη
671 2319 755 2390 ἐντός
777 2345 830 2386 του
855 2324 1010 2406 βασιλίως.

258 2429 409 2514 θλιμμένη
435 2429 610 2504 ἐκαθέζετο,
627 2428 750 2492 ποίντυτ’
768 2428 981 2514 ἐνθυμουμένη

258 2540 308 2601 τὸν
332 2543 386 2601 τοῦ
407 2536 516 2620 ἀνδρός
536 2558 589 2618 της
610 2535 741 2598 θάνατον
767 2539 882 2618 μᾶλλον
901 2539 952 2600 κοιλ
973 2561 1027 2621 την
1049 2539 1203 2623 σκλαβίαν.

258 2670 288 2708 κι
308 2645 368 2709 ἀπὸ
391 2645 444 2730 τὴν
465 2644 561 2726 λύπην
578 2645 632 2724 ’τήν
656 2642 774 2726 πολλην
797 2645 847 2706 καὶ
867 2643 920 2727 τὴν
944 2645 1147 2728 στενοχωρίαν

208 2765 242 2818 75
259 2756 292 2817 τὺ
315 2753 428 2818 κάλλος
449 2771 503 2811 του
525 2752 692 2833 προσώπου
715 2772 769 2832 της
787 2751 913 2818 τελείως
930 2751 1103 2834 ἠλλοιώθη,

259 2862 310 2923 καὶ
333 2857 467 2941 θεωρίαν
484 2855 541 2918 κᾶν
566 2861 670 2924 ποσῶς
691 2855 727 2918 οὐ
753 2859 894 2941 φαίνετον
918 2859 961 2925 εἰς
982 2857 1094 2939 αότην·

259 2969 293 3028 τὸ
312 2963 625 3047 ἡλιοκυκλοθώρημα,
645 2964 679 3024 τὸ
700 2967 759 3045 πῦρ
780 2965 1044 3047 τόλαμπροτοίτο,

266 3072 299 3132 τὸ
325 3069 621 3154 θεοχαριτόμορφον,
642 3071 676 3131 τό
694 3069 839 3153 Ἐαίρετον
861 3074 975 3154 ὡραῖον

259 3181 278 3261 ἡ
301 3177 403 3261 θλίψις
424 3200 476 3259 της
498 3177 531 3236 τὸ
556 3173 688 3260 ἔσβενεν,
707 3178 833 3244 τελείως
854 3179 879 3239 τ’
905 3178 1061 3262 ἀφανίζεν.

210 3293 244 3344 80
256 3282 397 3347 Ἔκλαιεν
418 3284 475 3366 γὰρ
494 3283 623 3344 πάντοτε
642 3283 693 3344 καὶ
715 3282 856 3348 ἐλεεινῶς
879 3282 1012 3364 ἐθρήνει,

259 3392 309 3451 καὶ
333 3391 461 3474 ὀδυρμοὶ
485 3388 646 3473 ἐφλόγιζον
667 3388 721 3471 τὴν
743 3387 816 3470 ὅλην
842 3411 895 3471 της
914 3389 1050 3472 καρδίαν.

261 3519 312 3558 και
302 3497 401 3557 κλα
400 3519 478 3559 ουσα
500 3497 556 3580 γὰρ
581 3494 722 3578 ἔλεγεν“
707 3516 749 3562 ως
770 3495 882 3578 πρόςτ
866 3496 916 3557 τνὸ
902 3495 1071 3578 βνασιλέα

262 3605 313 3666 καὶ
334 3603 410 3685 πρὸς
430 3625 484 3686 την
505 3602 614 3666 τούτου
638 3601 800 3730 όμόζυχον,
819 3601 930 3684 ταύτην
951 3625 1005 3685 την
1028 3602 1215 3686 βασιλίσσαν.

261 3707 385 3793 ”οἰφῆτε’
408 3730 445 3788 με
467 3731 520 3792 την
542 3711 695 3794 ταπεινήν,
718 3707 771 3792 την
794 3707 870 3769 τόσα
889 3707 1070 3790 πονεμένην,

212 3827 246 3880 85
266 3841 306 3899 μη
331 3813 511 3898 σφάξω’την
531 3818 656 3900 καρδίαν
680 3838 739 3899 μου
759 3813 815 3897 ἀτή
840 3837 899 3897 μου
925 3816 964 3897 μὲ
987 3816 1120 3900 κοντοίρι,

263 3921 335 3987 ότι’
340 3943 354 3988 ς
373 3920 412 4003 ἐ
414 3918 482 3982 έναν
508 3919 613 4006 ἔτυχεν
635 3927 689 4004 τῆς
708 3923 905 4026 δοστυχιᾶς*
894 3919 1049 4006 οχρόνος.

263 4034 316 4112 τῆς
337 4026 523 4110 εἱμαρμένης
543 4031 695 4092 τόδεινὸν
719 4027 822 4092 ἐπάνω
847 4051 905 4112 μου
931 4024 1107 4108 ἀπεσώθην,

265 4135 336 4196 ὅταν
358 4134 494 4219 ἐσφάγην
517 4135 533 4197 ό
551 4135 669 4219 ’βχενὴς
688 4133 764 4218 ἀνηρ
789 4135 805 4196 ό
830 4132 929 4200 ἐδικός
952 4154 1021 4214 μου.

259 4238 297 4301 νὰ
320 4238 401 4322 εἶχεν
424 4241 562 4348 πέσηνέί
585 4241 718 4325 οὐρανοῦ
739 4245 799 4324 πῦρ
823 4239 874 4304 καὶ
894 4238 931 4302 νό
953 4240 1136 4322 πυρπολήση
