3066 5102
773 407 924 494 ἰα’

376 577 412 634 In
434 580 480 637 his
503 581 599 640 verbis
621 579 780 663 κρουσεύω
802 583 877 642 idem
900 587 978 644 valet
999 590 1076 663 quod
1099 589 1269 672 κουρσεάω,
1287 592 1353 675 ιχιὸἸ
1377 607 1406 656 et

289 679 350 786 ‘poi
384 705 421 744 ex
450 683 534 766 ἅγιον
566 697 596 746 et
629 686 699 769 ἅγια
728 691 878 750 decurtata
903 703 980 752 sunt.
1032 697 1189 760 Praeterea
1217 704 1254 761 ed
1278 678 1404 781 pah-ium

294 791 472 854 Graecorum
491 796 579 855 ritum
600 797 747 873 pertinent
766 800 878 876 egregii
903 811 1004 877 poetae
1026 803 1189 864 Alexandri
1211 808 1292 870 Sutsi
1315 817 1404 874 verbe

290 919 443 982 πανοροιρ.
467 904 520 982 τῆς
545 900 665 984 euram
687 903 896 972 συνελεύσεως
918 909 981 968 σελ,
1005 907 1066 990 νγί

333 1051 397 1136 Πρὸ
420 1060 527 1139 μικροῦ
549 1057 609 1119 ἀπὸ
630 1058 666 1120 τὰ
690 1060 775 1142 τείχη
800 1063 853 1122 τοῦ
876 1058 1041 1146 Πανόρμου
1067 1065 1241 1149 διαβαίνων,

331 1163 472 1246 χιλιάδας
491 1163 557 1226 ἐκεῖ
576 1163 665 1250 εὖρον
686 1165 831 1252 ἀδελφῶν
853 1168 1086 1252 ἀποικισμένων.

332 1266 393 1352 Τὴν
415 1269 510 1354 αὐχὴν
530 1271 617 1334 αὐτοὶ
636 1278 690 1336 τοῦ
708 1275 815 1360 πάσχα
838 1277 876 1358 μὲ
900 1277 1062 1360 λαμπάδας
1085 1277 1263 1361 ἀναρμένας

332 1379 545 1463 ἀναβαίνουσιν
569 1380 612 1447 εἰς
633 1379 725 1464 ὅρους
746 1367 884 1467 κορυφὰς
907 1384 1112 1468 χιονισμένας,

329 1487 379 1550 καὶ
404 1485 556 1570 μακρόθεν
577 1487 768 1571 θεωροῦντες
789 1489 838 1551 τὸν
862 1491 1002 1574 ὁρίζοντα
1023 1497 1077 1554 τοῦ
1101 1494 1208 1575 γένους
1312 1535 1315 1542 ι

329 1595 489 1677 κράζουσι·
516 1593 647 1678 Χριστὸς
670 1593 797 1678 ἀνέστηί
827 1595 855 1679 μ’
869 1597 1053 1681 ὀφθαλμοὺς
1077 1601 1366 1686 δακρυβρεχμένοος.

678 1969 799 2022 oarur
819 1945 1006 2022 carneum

368 2143 479 2200 Verum
501 2148 533 2197 ut
553 2139 590 2196 ad
610 2139 797 2217 Ducangium
819 2119 856 2200 ad
879 2159 965 2217 quem
987 2143 1196 2200 emendandum
1218 2153 1246 2200 et
1268 2147 1396 2220 locuple-

282 2251 402 2308 tandum
427 2251 498 2307 haec
518 2246 625 2322 scripte
646 2256 715 2306 sunt
733 2259 881 2322 revertur,
908 2249 982 2307 nihil
1010 2251 1104 2326 magis
1133 2251 1303 2309 doctissimis
1323 2252 1393 2310 viris

281 2359 438 2432 aliquando
457 2355 552 2414 fraudi
571 2353 640 2426 fuit,
666 2374 753 2428 quam
775 2357 852 2430 quod
871 2374 929 2412 non
953 2358 1050 2414 omnia
1072 2359 1214 2418 vocabula
1233 2358 1395 2416 litterarum

226 2467 230 2476 '
280 2465 382 2525 ordine
407 2465 589 2536 exhibentur,
620 2463 670 2521 sed
698 2461 844 2520 interdum
874 2463 988 2520 deserte
1009 2465 1216 2523 elementorum
1240 2468 1315 2524 serie
1334 2474 1395 2544 ety-

280 2573 423 2648 mologiae
443 2572 517 2630 ratio
537 2573 669 2631 habetur.
720 2571 756 2630 Iu
785 2570 950 2627 narratione
979 2572 1207 2647 barbarograeca
1229 2572 1264 2629 de
1285 2573 1394 2648 Vulpe‚

260 2699 265 2711 ·
280 2680 432 2756 aliquoties
449 2680 582 2738 Venetiis
593 2699 710 2750 excusa,
735 2699 822 2753 quem
834 2677 896 2736 Jac.
911 2677 1073 2737 Grimmins
1090 2678 1229 2754 epistolae
1249 2681 1287 2739 ad
1300 2681 1393 2739 Lach-

279 2806 418 2846 mannum
441 2786 526 2842 datae
547 2787 680 2857 inseruit,
701 2805 908 2861 saepenumero
930 2784 1077 2845 invenitur
1099 2805 1159 2845 vox
1174 2786 1392 2867 κακορίζοικος,

278 2914 366 2971 quam
387 2892 619 2970 germanicarum
640 2893 801 2951 litterarum
828 2894 963 2972 princeps
986 2915 1005 2954 a
1031 2892 1097 2975 ρίία
1115 2895 1163 2953 vel
1187 2891 1278 2974 ὁρίζω
1305 2896 1392 2953 ducit.

277 3005 333 3061 Est
345 3010 442 3060 autem
464 2996 674 3081 νακοῤῥίίικος
693 2999 749 3078 (sic
768 3001 845 3059 enim
867 3002 973 3060 rectius
994 3003 1130 3060 scribitur
1142 3022 1230 3078 quam
1243 3001 1389 3083 κακορίζι-

277 3131 347 3184 νιος,
376 3105 592 3189 κακορίζηιιος,
622 3105 831 3189 κακορίζοικος
859 3111 937 3186 apud
966 3112 1153 3186 Ducangium
1183 3133 1212 3188 p,
1238 3111 1318 3168 1297
1342 3110 1390 3163 vel

276 3214 506 3299 κανορροίίικος
533 3226 563 3274 et
589 3212 815 3298 κακορρείζυιος
843 3219 922 3294 apud
953 3217 1129 3295 Scarlatum)
1156 3214 1345 3291 repetendum
1373 3234 1389 3271 e

276 3323 369 3391 κακός
389 3335 418 3385 et
437 3326 533 3388 italico
552 3322 664 3406 ριζικόν
687 3325 809 3404 (risico).
860 3325 1013 3403 Usurpant
1038 3345 1107 3382 vero
1130 3322 1236 3382 Graeci
1262 3322 1296 3383 τὸ
1320 3320 1387 3404 ῥιζί-

274 3431 340 3511 κὸν,
361 3436 398 3492 de
415 3436 483 3506 sato,
507 3443 592 3505 sorte,
611 3434 737 3505 fortuna,
759 3434 898 3509 periculo,
919 3441 952 3488 ut
971 3440 1047 3489 recte
1065 3431 1187 3508 exponit
1208 3430 1388 3507 Ducungius.

273 3545 321 3602 Ite
346 3545 394 3615 fit,
423 3551 455 3602 nt
480 3537 689 3621 νανορρίζυιος
718 3540 792 3596 nihil
813 3537 927 3596 sitnisi
952 3531 1138 3620 κακάροιρος
1160 3541 1207 3597 vel
1228 3537 1386 3620 δυστυχής.

274 3650 332 3710 Sed
353 3651 436 3708 nulla
457 3649 516 3707 alia
528 3666 574 3705 res
585 3645 761 3704 Grimmiu'm
783 3645 813 3701 in
837 3664 963 3704 errorem
984 3645 1098 3705 videtur
1118 3647 1278 3720 induxisse,
1300 3665 1387 3723 quem

273 3760 350 3836 quod
374 3756 548 3832 Ducangius
575 3752 750 3812 vocabulum
780 3752 944 3830 caeteroqui
971 3755 1155 3814 notissimum
1183 3776 1240 3815 non
1271 3763 1387 3813 servato

272 3867 432 3924 litterarum
453 3864 553 3922 ordine
575 3860 668 3934 affert,
686 3862 737 3919 sed
752 3862 849 3920 italico
867 3863 977 3920 nomini
999 3860 1108 3944 ῥιίικόν
1129 3858 1287 3940 subjungit.
1315 3856 1386 3915 Alio

272 3992 368 4032 errore
397 3971 511 4032 ducitur
538 3969 648 4030 Coraee
673 3970 724 4045 qui
747 3965 866 4029 Ἀτακτ.
889 3971 923 4028 11
946 3971 1071 4052 προλεγ.
1095 3969 1158 4028 seh.
1181 3961 1206 4024 θ’
1233 3984 1385 4042 perperam

271 4080 374 4156 accipit
397 4080 469 4138 haec
492 4078 634 4158 Stephani
653 4076 800 4136 Sachlecis
822 4081 926 4138 verba:

309 4235 359 4295 καὶ
381 4237 476 4295 κεῖνοι
499 4233 541 4300 εἰς
564 4232 633 4316 ριὰν
653 4231 782 4316 ἤρχιζαν
806 4231 843 4294 νόι
864 4235 999 4316 τρώγουν
1021 4231 1071 4292 καὶ
1091 4228 1128 4290 vd
1150 4227 1267 4303 nivouv,

313 4340 349 4402 νά
371 4343 546 4423 τραχῳδοῡν
570 4317 704 4404 thermad
729 4341 780 4402 καὶ
801 4341 838 4402 νὰ
861 4341 898 4420 μὲ
919 4338 1155 4420 πεσκαντάρουν.
