3066 5102
518 461 522 464 ,
638 420 788 514 -ιι,

343 595 377 648 65
396 584 477 648 Ξένα
497 581 831 664 θαύματαπκοπήσοις,

395 694 471 775 ἅπερ
493 689 528 752 ού
549 689 647 770 πάρος
666 709 709 756 τις
731 685 822 763 εἶδεν,

393 801 527 864 τετακὼς
548 795 680 877 ἐςύφος
702 792 789 875 ύμμα

395 907 466 988 λέγε
484 904 560 984 πρὸς
582 899 716 986 βρέφους
736 903 849 981 τοκῆα·

390 1126 430 1194 ‘0
453 1129 526 1196 θεὸς
546 1127 613 1190 τεόν
639 1149 677 1209 με
702 1126 813 1206 δοῦλον

344 1249 378 1300 70
395 1236 471 1300 κατὰ
491 1237 542 1298 τὸν
567 1236 620 1297 σὸν
644 1233 710 1316 ἄρτι
730 1230 827 1314 μῦθον

396 1344 551 1406 ἀπόλυσον
576 1343 607 1404 ἐν
631 1342 763 1425 γαλήνη,

396 1451 441 1514 ὅτι
464 1473 519 1512 σου
541 1452 576 1513 τὸ
597 1449 704 1532 λύτρον
728 1445 825 1508 εἶδον·

394 1662 568 1745 Προφανῶς
590 1662 647 1743 γὰρ
670 1659 744 1722 αὐτὸ
770 1659 860 1719 πᾶσιν

395 1768 491 1850 ὁράαν
512 1769 631 1851 βροτοῖς
649 1763 815 1849 παρέσχες,

344 1885 378 1936 75
398 1874 477 1958 φάος
498 1870 617 1936 ἔθνεσιν
642 1871 786 1955 φαείνειν,

393 1978 483 2047 κλέος
499 1977 623 2062 Ἰσραὴλ
645 1981 708 2064 λεῷ
729 1999 794 2040 σου.

395 2190 523 2272 Συμεὼν
548 2187 584 2248 ἐκ
600 2188 758 2270 προγύνων
784 2187 887 2271 ὄλβιος
910 2185 1029 2269 ὤφθης,
1159 2219 1164 2229 ·

397 2295 442 2356 ὅτι
458 2293 590 2378 Χριστὸν
612 2294 769 2374 παλάμαις
788 2291 879 2360 δέΕαο
903 2294 1024 2372 μοῦνος.

390 2399 483 2469 Ῥύος
502 2401 536 2464 ἐκ
556 2399 654 2482 λύγων
676 2398 807 2483 θεύρτου

219 2500 226 2512 ”
345 2519 380 2571 80
397 2508 530 2592 γενέταις
551 2505 646 2570 ἔτικτε
666 2507 802 2591 θάμβος·

396 2616 492 2700 βάθος
512 2614 642 2698 ἠγνόουν
665 2615 722 2697 γὰρ
745 2611 830 2674 οὖτοι

395 2721 522 2806 κρύφιον
550 2725 649 2804 σοφῆς
670 2717 823 2802 προνοίας.

394 2935 524 3018 Συμεὼν
545 2933 614 2996 τότε
635 2934 795 3017 προφήτης

396 3041 472 3125 μετὰ
491 3040 562 3108 τοὺς
582 3038 693 3124 λύγους
715 3039 849 3106 ἐκείνους

345 3157 380 3211 85
398 3147 514 3232 ὀρέγων
538 3145 652 3232 βρέφος
669 3147 817 3229 κομίζειν,

395 3253 525 3338 Μαριὰμ
547 3252 667 3350 λέγεται
685 3251 833 3332 τεκούσῃ·

396 3466 439 3534 Τὸ
461 3466 577 3554 βρέφος
599 3467 733 3547 πάναγνε
753 3466 843 3528 τοῦτο

397 3576 428 3646 ἐς
450 3573 566 3658 ἔγερσίν
590 3571 654 3640 ἐστι
671 3573 796 3634 πολλῶν

397 3682 491 3765 μύρον
514 3679 552 3744 σύ
575 3703 608 3742 τε
627 3685 686 3742 τῶν
711 3678 863 3741 συνέθνοιν

348 3797 383 3850 ύῡ
401 3788 432 3855 ἐς
453 3788 586 3862 ἐναντίον
608 3812 641 3854 τε
662 3773 756 3871 σῆμά,

388 3997 470 4062 Ὑπὸ
495 4001 546 4064 σὸν
570 4000 606 4062 δὲ
629 4005 750 4084 πνεῦμα
772 3999 868 4083 κούρη

399 4105 472 4191 δόρυ
495 4105 649 4189 κάρχαρον
674 4106 802 4185 διέλθοι,

398 4214 531 4296 κραδιῶν
555 4209 641 4280 ὅπως
661 4211 795 4296 ἀπείρων

402 4317 553 4402 φανερούς
575 4315 686 4402 λύγους
706 4319 835 4401 ποιήση.
