<?xml version="1.0" encoding="UTF-8"?>
<!DOCTYPE html PUBLIC "-//W3C//DTD XHTML 1.0 Transitional//EN"
    "http://www.w3.org/TR/xhtml1/DTD/xhtml1-transitional.dtd">
<html xmlns="http://www.w3.org/1999/xhtml" xml:lang="en" lang="en">
 <head>
  <title>
</title>
<meta http-equiv="Content-Type" content="text/html;charset=utf-8" />
  <meta name='ocr-system' content='tesseract 3.04.00' />
  <meta name='ocr-capabilities' content='ocr_page ocr_carea ocr_par ocr_line ocrx_word'/>
</head>
<body>
  <div class='ocr_page' id='page_1' title='image "./conjectaneorumb00mullgoog_0063.png"; bbox 0 0 3066 5102; ppageno 0'>
   <div class='ocr_carea' id='block_1_1' title="bbox 819 371 861 430">
    <p class='ocr_par' dir='ltr' id='par_1_1' title="bbox 819 371 861 430">
     <span class='ocr_line' id='line_1_1' title="bbox 819 371 861 430; baseline 0 0"><span class='ocrx_word' id='word_1_1' title='bbox 819 371 861 430; x_wconf 79' lang='lat'><strong>60</strong></span> 
     </span>
    </p>
   </div>
   <div class='ocr_carea' id='block_1_2' title="bbox 763 451 910 464">
    <p class='ocr_par' dir='ltr' id='par_1_2' title="bbox 763 451 910 464">
     <span class='ocr_line' id='line_1_2' title="bbox 763 451 910 464; baseline -0.014 0"><span class='ocrx_word' id='word_1_2' title='bbox 763 451 910 464; x_wconf 67' lang='lat'>-——-</span> 
     </span>
    </p>
   </div>
   <div class='ocr_carea' id='block_1_3' title="bbox 285 546 1396 735">
    <p class='ocr_par' dir='ltr' id='par_1_3' title="bbox 285 546 1396 735">
     <span class='ocr_line' id='line_1_3' title="bbox 285 546 1395 624; baseline 0.001 -16"><span class='ocrx_word' id='word_1_3' title='bbox 285 549 343 610; x_wconf 68' lang='lat' dir='ltr'><strong>Est</strong></span> <span class='ocrx_word' id='word_1_4' title='bbox 363 558 461 611; x_wconf 72' lang='lat' dir='ltr'><strong>sutem</strong></span> <span class='ocrx_word' id='word_1_5' title='bbox 486 550 534 610; x_wconf 85' lang='lat' dir='ltr'><strong>hio</strong></span> <span class='ocrx_word' id='word_1_6' title='bbox 561 550 643 610; x_wconf 75' lang='lat' dir='ltr'><strong>lom</strong></span> <span class='ocrx_word' id='word_1_7' title='bbox 668 546 717 606; x_wconf 79' lang='lat' dir='ltr'><strong>vel</strong></span> <span class='ocrx_word' id='word_1_8' title='bbox 740 547 847 608; x_wconf 84' lang='lat' dir='ltr'><strong>ideireo</strong></span> <span class='ocrx_word' id='word_1_9' title='bbox 870 547 1086 620; x_wconf 61' lang='lat' dir='ltr'><strong>mannahun,</strong></span> <span class='ocrx_word' id='word_1_10' title='bbox 1112 549 1184 624; x_wconf 77' lang='lat' dir='ltr'><strong>quio</strong></span> <span class='ocrx_word' id='word_1_11' title='bbox 1210 551 1395 609; x_wconf 73' lang='lat' dir='ltr'><strong>menifestum</strong></span> 
     </span>
     <span class='ocr_line' id='line_1_4' title="bbox 285 656 1396 735; baseline -0.003 -18"><span class='ocrx_word' id='word_1_12' title='bbox 285 658 413 718; x_wconf 78' lang='lat' dir='ltr'><strong>eontinet</strong></span> <span class='ocrx_word' id='word_1_13' title='bbox 430 659 587 735; x_wconf 83' lang='lat' dir='ltr'><strong>vestigium</strong></span> <span class='ocrx_word' id='word_1_14' title='bbox 615 656 679 732; x_wconf 88' lang='lat' dir='ltr'><strong>ejus</strong></span> <span class='ocrx_word' id='word_1_15' title='bbox 708 656 921 732; x_wconf 74' lang='lat' dir='ltr'><strong>superstitionis</strong></span> <span class='ocrx_word' id='word_1_16' title='bbox 942 657 979 714; x_wconf 85' lang='lat' dir='ltr'><strong>de</strong></span> <span class='ocrx_word' id='word_1_17' title='bbox 1000 675 1060 732; x_wconf 81' lang='lat' dir='ltr'><strong>qun</strong></span> <span class='ocrx_word' id='word_1_18' title='bbox 1077 674 1168 732; x_wconf 81' lang='lat' dir='ltr'><strong>supro</strong></span> <span class='ocrx_word' id='word_1_19' title='bbox 1186 657 1300 715; x_wconf 83' lang='lat' dir='ltr'><strong>loeutus</strong></span> <span class='ocrx_word' id='word_1_20' title='bbox 1320 677 1396 716; x_wconf 88' lang='lat' dir='ltr'><strong>sum.</strong></span> 
     </span>
    </p>
   </div>
   <div class='ocr_carea' id='block_1_4' title="bbox 284 763 1516 840">
    <p class='ocr_par' dir='ltr' id='par_1_4' title="bbox 284 763 1516 840">
     <span class='ocr_line' id='line_1_5' title="bbox 284 763 1516 840; baseline -0.003 -18"><span class='ocrx_word' id='word_1_21' title='bbox 284 763 989 840; x_wconf 75' lang='lat' dir='ltr'><strong>NimirumSorooeuiomninunnulismsgieis</strong></span> <span class='ocrx_word' id='word_1_22' title='bbox 1012 763 1398 840; x_wconf 61' lang='lat' dir='ltr'><strong>efficimiipersuuserunt.</strong></span> <span class='ocrx_word' id='word_1_23' title='bbox 1512 801 1516 816; x_wconf 86' lang='grc'><strong>.</strong></span> 
     </span>
    </p>
   </div>
   <div class='ocr_carea' id='block_1_5' title="bbox 286 869 1401 3833">
    <p class='ocr_par' dir='ltr' id='par_1_5' title="bbox 288 869 1400 1380">
     <span class='ocr_line' id='line_1_6' title="bbox 288 869 667 952; baseline -0.005 -22"><span class='ocrx_word' id='word_1_24' title='bbox 288 869 400 952; x_wconf 80' lang='lat' dir='ltr'><strong>Adjicit</strong></span> <span class='ocrx_word' id='word_1_25' title='bbox 419 873 497 932; x_wconf 86' lang='lat' dir='ltr'><strong>enim</strong></span> <span class='ocrx_word' id='word_1_26' title='bbox 516 892 546 930; x_wconf 84' lang='grc' dir='ltr'><strong>ν.</strong></span> <span class='ocrx_word' id='word_1_27' title='bbox 570 871 667 932; x_wconf 79' lang='grc' dir='ltr'><strong>1765ι</strong></span> 
     </span>
     <span class='ocr_line' id='line_1_7' title="bbox 413 973 1399 1059; baseline -0.001 -21"><span class='ocrx_word' id='word_1_28' title='bbox 413 975 488 1038; x_wconf 77' lang='grc' dir='ltr'><strong>οὐδὲ</strong></span> <span class='ocrx_word' id='word_1_29' title='bbox 509 977 597 1059; x_wconf 82' lang='grc' dir='ltr'><strong>νερὸν</strong></span> <span class='ocrx_word' id='word_1_30' title='bbox 617 973 692 1037; x_wconf 76' lang='grc' dir='ltr'><strong>οὐδὲ</strong></span> <span class='ocrx_word' id='word_1_31' title='bbox 713 975 807 1036; x_wconf 84' lang='grc' dir='ltr'><strong>ίστίαν</strong></span> <span class='ocrx_word' id='word_1_32' title='bbox 828 978 902 1055; x_wconf 79' lang='lat' dir='ltr'><strong>(leg.</strong></span> <span class='ocrx_word' id='word_1_33' title='bbox 919 986 1041 1055; x_wconf 74' lang='lat' dir='ltr'><strong>propter</strong></span> <span class='ocrx_word' id='word_1_34' title='bbox 1058 987 1184 1038; x_wconf 82' lang='lat' dir='ltr'><strong>metrum</strong></span> <span class='ocrx_word' id='word_1_35' title='bbox 1202 975 1270 1038; x_wconf 86' lang='grc' dir='ltr'><strong>οὐδ’</strong></span> <span class='ocrx_word' id='word_1_36' title='bbox 1286 975 1399 1056; x_wconf 70' lang='lat' dir='ltr'><strong>iustus)</strong></span> 
     </span>
     <span class='ocr_line' id='line_1_8' title="bbox 412 1081 1400 1166; baseline -0.002 -21"><span class='ocrx_word' id='word_1_37' title='bbox 412 1083 545 1146; x_wconf 78' lang='grc' dir='ltr'><strong>θάνατον</strong></span> <span class='ocrx_word' id='word_1_38' title='bbox 568 1081 610 1166; x_wconf 76' lang='grc' dir='ltr'><strong>μὴ</strong></span> <span class='ocrx_word' id='word_1_39' title='bbox 635 1083 781 1166; x_wconf 83' lang='grc' dir='ltr'><strong>φοβᾶσαι.</strong></span> <span class='ocrx_word' id='word_1_40' title='bbox 800 1117 842 1129; x_wconf 89' lang='grc'><strong>-</strong></span> <span class='ocrx_word' id='word_1_41' title='bbox 873 1086 1047 1160; x_wconf 77' lang='lat' dir='ltr'><strong>Ducungius</strong></span> <span class='ocrx_word' id='word_1_42' title='bbox 1068 1105 1099 1162; x_wconf 88' lang='lat' dir='ltr'><strong>p.</strong></span> <span class='ocrx_word' id='word_1_43' title='bbox 1121 1085 1200 1145; x_wconf 83' lang='lat'><strong>5²3:</strong></span> <span class='ocrx_word' id='word_1_44' title='bbox 1220 1083 1323 1160; x_wconf 70' lang='lat' dir='ltr'><strong>„iouia</strong></span> <span class='ocrx_word' id='word_1_45' title='bbox 1343 1105 1400 1161; x_wconf 85' lang='lat' dir='ltr'><strong>pro</strong></span> 
     </span>
     <span class='ocr_line' id='line_1_9' title="bbox 413 1189 1399 1270; baseline 0 -18"><span class='ocrx_word' id='word_1_46' title='bbox 413 1189 499 1253; x_wconf 77' lang='grc' dir='ltr'><strong>ἑστία</strong></span> <span class='ocrx_word' id='word_1_47' title='bbox 524 1193 616 1266; x_wconf 76' lang='lat' dir='ltr'><strong>sotus,</strong></span> <span class='ocrx_word' id='word_1_48' title='bbox 643 1192 731 1269; x_wconf 83' lang='lat' dir='ltr'><strong>ignis.</strong></span> <span class='ocrx_word' id='word_1_49' title='bbox 750 1190 848 1250; x_wconf 84' lang='lat' dir='ltr'><strong>Niool.</strong></span> <span class='ocrx_word' id='word_1_50' title='bbox 865 1194 1024 1270; x_wconf 79' lang='lat' dir='ltr'><strong>Myrepsus</strong></span> <span class='ocrx_word' id='word_1_51' title='bbox 1043 1191 1112 1252; x_wconf 81' lang='lat' dir='ltr'><strong>MS.</strong></span> <span class='ocrx_word' id='word_1_52' title='bbox 1134 1199 1204 1250; x_wconf 75' lang='lat' dir='ltr'><strong>seet-</strong></span> <span class='ocrx_word' id='word_1_53' title='bbox 1224 1194 1244 1252; x_wconf 84' lang='lat'>3</span> <span class='ocrx_word' id='word_1_54' title='bbox 1270 1211 1335 1268; x_wconf 82' lang='lat' dir='ltr'><strong>esp.</strong></span> <span class='ocrx_word' id='word_1_55' title='bbox 1356 1194 1399 1252; x_wconf 89' lang='grc'><strong>58</strong></span> 
     </span>
     <span class='ocr_line' id='line_1_10' title="bbox 413 1295 994 1380; baseline -0.002 -21"><span class='ocrx_word' id='word_1_56' title='bbox 413 1297 548 1360; x_wconf 73' lang='grc' dir='ltr'><strong>καπνίαν</strong></span> <span class='ocrx_word' id='word_1_57' title='bbox 566 1302 620 1379; x_wconf 75' lang='grc' dir='ltr'><strong>τῆς</strong></span> <span class='ocrx_word' id='word_1_58' title='bbox 642 1297 737 1364; x_wconf 71' lang='grc' dir='ltr'><strong>ἱστίας</strong></span> <span class='ocrx_word' id='word_1_59' title='bbox 756 1295 897 1380; x_wconf 76' lang='grc' dir='ltr'><strong>καθαράν</strong></span> <span class='ocrx_word' id='word_1_60' title='bbox 919 1296 994 1358; x_wconf 81' lang='grc' dir='ltr'><strong>οιι.”</strong></span> 
     </span>
    </p>

    <p class='ocr_par' dir='ltr' id='par_1_6' title="bbox 287 1402 1399 1592">
     <span class='ocr_line' id='line_1_11' title="bbox 371 1402 1399 1486; baseline -0.001 -20"><span class='ocrx_word' id='word_1_61' title='bbox 371 1408 412 1467; x_wconf 90' lang='lat' dir='ltr'><strong>V.</strong></span> <span class='ocrx_word' id='word_1_62' title='bbox 436 1408 528 1466; x_wconf 91' lang='grc'><strong>1771.</strong></span> <span class='ocrx_word' id='word_1_63' title='bbox 568 1403 620 1466; x_wconf 83' lang='grc' dir='ltr'><strong>καὶ</strong></span> <span class='ocrx_word' id='word_1_64' title='bbox 644 1404 768 1466; x_wconf 82' lang='grc' dir='ltr'><strong>κάλλιον</strong></span> <span class='ocrx_word' id='word_1_65' title='bbox 798 1402 850 1464; x_wconf 81' lang='grc' dir='ltr'><strong>τὸν</strong></span> <span class='ocrx_word' id='word_1_66' title='bbox 875 1403 1009 1466; x_wconf 81' lang='grc' dir='ltr'><strong>θάνατον</strong></span> <span class='ocrx_word' id='word_1_67' title='bbox 1036 1402 1075 1464; x_wconf 74' lang='lat' dir='ltr'><strong>si</strong></span> <span class='ocrx_word' id='word_1_68' title='bbox 1097 1403 1181 1466; x_wconf 74' lang='grc' dir='ltr'><strong>δόσαν</strong></span> <span class='ocrx_word' id='word_1_69' title='bbox 1202 1403 1267 1486; x_wconf 79' lang='grc' dir='ltr'><strong>μετ’</strong></span> <span class='ocrx_word' id='word_1_70' title='bbox 1291 1403 1399 1484; x_wconf 82' lang='grc' dir='ltr'><strong>ἐσένα]</strong></span> 
     </span>
     <span class='ocr_line' id='line_1_12' title="bbox 287 1513 468 1592; baseline -0.006 -18"><span class='ocrx_word' id='word_1_71' title='bbox 287 1517 345 1592; x_wconf 76' lang='lat' dir='ltr'><strong>leg.</strong></span> <span class='ocrx_word' id='word_1_72' title='bbox 364 1513 468 1574; x_wconf 81' lang='grc' dir='ltr'><strong>δώσω.</strong></span> 
     </span>
    </p>

    <p class='ocr_par' dir='ltr' id='par_1_7' title="bbox 286 1616 1400 2110">
     <span class='ocr_line' id='line_1_13' title="bbox 364 1616 1399 1700; baseline -0.002 -20"><span class='ocrx_word' id='word_1_73' title='bbox 364 1622 404 1680; x_wconf 89' lang='lat' dir='ltr'><strong>V.</strong></span> <span class='ocrx_word' id='word_1_74' title='bbox 426 1621 517 1680; x_wconf 85' lang='grc'><strong>1705.</strong></span> <span class='ocrx_word' id='word_1_75' title='bbox 556 1650 640 1662; x_wconf 94' lang='grc'><strong>-</strong></span> <span class='ocrx_word' id='word_1_76' title='bbox 662 1617 778 1698; x_wconf 82' lang='grc' dir='ltr'><strong>μᾶλλον</strong></span> <span class='ocrx_word' id='word_1_77' title='bbox 812 1618 829 1679; x_wconf 86' lang='grc' dir='ltr'><strong>ὁ</strong></span> <span class='ocrx_word' id='word_1_78' title='bbox 857 1616 932 1686; x_wconf 84' lang='grc' dir='ltr'><strong>θεὸς</strong></span> <span class='ocrx_word' id='word_1_79' title='bbox 955 1618 990 1682; x_wconf 84' lang='grc' dir='ltr'><strong>τὸ</strong></span> <span class='ocrx_word' id='word_1_80' title='bbox 1021 1616 1134 1700; x_wconf 80' lang='grc' dir='ltr'><strong>δίχθει]</strong></span> <span class='ocrx_word' id='word_1_81' title='bbox 1170 1616 1242 1685; x_wconf 80' lang='grc' dir='ltr'><strong>θεὸς</strong></span> <span class='ocrx_word' id='word_1_82' title='bbox 1271 1620 1399 1695; x_wconf 85' lang='lat' dir='ltr'><strong>synizesi</strong></span> 
     </span>
     <span class='ocr_line' id='line_1_14' title="bbox 286 1725 1400 1806; baseline -0.004 -18"><span class='ocrx_word' id='word_1_83' title='bbox 286 1729 517 1806; x_wconf 75' lang='lat' dir='ltr'><strong>monosyllabum</strong></span> <span class='ocrx_word' id='word_1_84' title='bbox 535 1730 570 1786; x_wconf 82' lang='lat' dir='ltr'><strong>fit</strong></span> <span class='ocrx_word' id='word_1_85' title='bbox 589 1735 623 1786; x_wconf 73' lang='lat' dir='ltr'><strong>ut</strong></span> <span class='ocrx_word' id='word_1_86' title='bbox 643 1726 722 1803; x_wconf 82' lang='lat' dir='ltr'><strong>opud</strong></span> <span class='ocrx_word' id='word_1_87' title='bbox 742 1725 828 1785; x_wconf 89' lang='lat' dir='ltr'><strong>Dem.</strong></span> <span class='ocrx_word' id='word_1_88' title='bbox 848 1726 921 1786; x_wconf 86' lang='lat' dir='ltr'><strong>Zeu.</strong></span> <span class='ocrx_word' id='word_1_89' title='bbox 939 1728 1001 1788; x_wconf 80' lang='lat' dir='ltr'><strong>v.6</strong></span> <span class='ocrx_word' id='word_1_90' title='bbox 1022 1735 1051 1784; x_wconf 84' lang='lat' dir='ltr'><strong>et</strong></span> <span class='ocrx_word' id='word_1_91' title='bbox 1065 1745 1153 1803; x_wconf 85' lang='lat' dir='ltr'><strong>soepe</strong></span> <span class='ocrx_word' id='word_1_92' title='bbox 1173 1727 1252 1803; x_wconf 85' lang='lat' dir='ltr'><strong>apud</strong></span> <span class='ocrx_word' id='word_1_93' title='bbox 1273 1735 1400 1784; x_wconf 83' lang='lat' dir='ltr'><strong>veteres.</strong></span> 
     </span>
     <span class='ocr_line' id='line_1_15' title="bbox 287 1831 1400 1910; baseline -0.001 -15"><span class='ocrx_word' id='word_1_94' title='bbox 287 1837 357 1896; x_wconf 80' lang='lat' dir='ltr'><strong>vio.</strong></span> <span class='ocrx_word' id='word_1_95' title='bbox 374 1836 497 1894; x_wconf 90' lang='lat' dir='ltr'><strong>Porson.</strong></span> <span class='ocrx_word' id='word_1_96' title='bbox 512 1836 550 1894; x_wconf 82' lang='lat' dir='ltr'><strong>nd</strong></span> <span class='ocrx_word' id='word_1_97' title='bbox 570 1835 704 1910; x_wconf 85' lang='lat' dir='ltr'><strong>Euripid.</strong></span> <span class='ocrx_word' id='word_1_98' title='bbox 729 1831 826 1892; x_wconf 80' lang='lat' dir='ltr'><strong>orest.</strong></span> <span class='ocrx_word' id='word_1_99' title='bbox 848 1852 893 1893; x_wconf 82' lang='lat' dir='ltr'><strong>vs.</strong></span> <span class='ocrx_word' id='word_1_100' title='bbox 914 1834 987 1894; x_wconf 81' lang='lat'><strong>393.</strong></span> <span class='ocrx_word' id='word_1_101' title='bbox 1027 1834 1088 1892; x_wconf 92' lang='lat' dir='ltr'><strong>Pro</strong></span> <span class='ocrx_word' id='word_1_102' title='bbox 1110 1833 1245 1892; x_wconf 76' lang='lat' dir='ltr'><strong>vooebuli</strong></span> <span class='ocrx_word' id='word_1_103' title='bbox 1265 1843 1400 1894; x_wconf 86' lang='lat' dir='ltr'><strong>monstro</strong></span> 
     </span>
     <span class='ocr_line' id='line_1_16' title="bbox 288 1938 1396 2024; baseline -0.005 -22"><span class='ocrx_word' id='word_1_104' title='bbox 288 1940 389 2024; x_wconf 78' lang='grc' dir='ltr'><strong>δίχθει</strong></span> <span class='ocrx_word' id='word_1_105' title='bbox 417 1943 574 2018; x_wconf 82' lang='lat' dir='ltr'><strong>legendum</strong></span> <span class='ocrx_word' id='word_1_106' title='bbox 603 1938 716 2022; x_wconf 84' lang='grc' dir='ltr'><strong>δείχνει</strong></span> <span class='ocrx_word' id='word_1_107' title='bbox 744 1940 764 1997; x_wconf 90' lang='lat' dir='ltr'><strong>i.</strong></span> <span class='ocrx_word' id='word_1_108' title='bbox 784 1960 810 1999; x_wconf 89' lang='lat' dir='ltr'><strong>o.</strong></span> <span class='ocrx_word' id='word_1_109' title='bbox 832 1938 974 2002; x_wconf 78' lang='grc' dir='ltr'><strong>δείκνυσι.</strong></span> <span class='ocrx_word' id='word_1_110' title='bbox 1018 1940 1089 2000; x_wconf 80' lang='lat' dir='ltr'><strong>vid.</strong></span> <span class='ocrx_word' id='word_1_111' title='bbox 1108 1942 1146 2000; x_wconf 82' lang='lat' dir='ltr'><strong>od</strong></span> <span class='ocrx_word' id='word_1_112' title='bbox 1170 1942 1257 1999; x_wconf 87' lang='lat' dir='ltr'><strong>Dem.</strong></span> <span class='ocrx_word' id='word_1_113' title='bbox 1275 1942 1347 1998; x_wconf 87' lang='lat' dir='ltr'><strong>Zeu.</strong></span> <span class='ocrx_word' id='word_1_114' title='bbox 1367 1962 1396 1998; x_wconf 85' lang='lat' dir='ltr'><strong>v.</strong></span> 
     </span>
     <span class='ocr_line' id='line_1_17' title="bbox 292 2049 495 2110; baseline -0.015 -2"><span class='ocrx_word' id='word_1_115' title='bbox 292 2050 352 2109; x_wconf 90' lang='grc'><strong>100</strong></span> <span class='ocrx_word' id='word_1_116' title='bbox 372 2059 402 2108; x_wconf 80' lang='lat' dir='ltr'><strong>et</strong></span> <span class='ocrx_word' id='word_1_117' title='bbox 422 2049 495 2110; x_wconf 91' lang='grc'><strong>229.</strong></span> 
     </span>
    </p>

    <p class='ocr_par' dir='ltr' id='par_1_8' title="bbox 370 2149 1389 2234">
     <span class='ocr_line' id='line_1_18' title="bbox 370 2149 1389 2234; baseline -0.002 -20"><span class='ocrx_word' id='word_1_118' title='bbox 370 2156 411 2214; x_wconf 88' lang='lat' dir='ltr'><strong>V.</strong></span> <span class='ocrx_word' id='word_1_119' title='bbox 434 2154 524 2214; x_wconf 85' lang='grc'><strong>1803.</strong></span> <span class='ocrx_word' id='word_1_120' title='bbox 568 2150 662 2234; x_wconf 77' lang='grc' dir='ltr'><strong>ὁρίζει</strong></span> <span class='ocrx_word' id='word_1_121' title='bbox 682 2149 743 2212; x_wconf 83' lang='grc' dir='ltr'><strong>ἀπὸ</strong></span> <span class='ocrx_word' id='word_1_122' title='bbox 766 2149 821 2234; x_wconf 71' lang='grc' dir='ltr'><strong>τὴν</strong></span> <span class='ocrx_word' id='word_1_123' title='bbox 842 2152 967 2234; x_wconf 78' lang='grc' dir='ltr'><strong>κάμινον</strong></span> <span class='ocrx_word' id='word_1_124' title='bbox 986 2151 1108 2233; x_wconf 51' lang='lat' dir='ltr'><strong>’suroris</strong></span> <span class='ocrx_word' id='word_1_125' title='bbox 1131 2153 1161 2214; x_wconf 80' lang='grc' dir='ltr'><strong>οἱ</strong></span> <span class='ocrx_word' id='word_1_126' title='bbox 1182 2150 1389 2234; x_wconf 73' lang='grc' dir='ltr'><strong>δεμοοιιένοι·</strong></span> 
     </span>
    </p>

    <p class='ocr_par' dir='ltr' id='par_1_9' title="bbox 288 2257 1401 2672">
     <span class='ocr_line' id='line_1_19' title="bbox 565 2257 972 2341; baseline 0.002 -22"><span class='ocrx_word' id='word_1_127' title='bbox 565 2259 668 2341; x_wconf 78' lang='grc' dir='ltr'>ὁρίζει,</span> <span class='ocrx_word' id='word_1_128' title='bbox 691 2257 784 2320; x_wconf 85' lang='grc' dir='ltr'><strong>λίιοον</strong></span> <span class='ocrx_word' id='word_1_129' title='bbox 804 2258 843 2320; x_wconf 83' lang='grc' dir='ltr'><strong>τὰ</strong></span> <span class='ocrx_word' id='word_1_130' title='bbox 863 2259 972 2341; x_wconf 79' lang='grc' dir='ltr'><strong>δεσμά.</strong></span> 
     </span>
     <span class='ocr_line' id='line_1_20' title="bbox 288 2364 1399 2448; baseline 0.002 -22"><span class='ocrx_word' id='word_1_131' title='bbox 288 2369 325 2426; x_wconf 93' lang='lat' dir='ltr'><strong>In</strong></span> <span class='ocrx_word' id='word_1_132' title='bbox 353 2368 450 2443; x_wconf 86' lang='lat' dir='ltr'><strong>priore</strong></span> <span class='ocrx_word' id='word_1_133' title='bbox 476 2387 565 2426; x_wconf 82' lang='lat' dir='ltr'><strong>versu</strong></span> <span class='ocrx_word' id='word_1_134' title='bbox 594 2368 681 2426; x_wconf 79' lang='lat' dir='ltr'><strong>scribi</strong></span> <span class='ocrx_word' id='word_1_135' title='bbox 705 2367 841 2425; x_wconf 82' lang='lat' dir='ltr'><strong>eonvenit</strong></span> <span class='ocrx_word' id='word_1_136' title='bbox 867 2364 905 2426; x_wconf 86' lang='grc' dir='ltr'><strong>νὰ</strong></span> <span class='ocrx_word' id='word_1_137' title='bbox 922 2364 1026 2448; x_wconf 71' lang='grc' dir='ltr'><strong>’βγοῦν</strong></span> <span class='ocrx_word' id='word_1_138' title='bbox 1053 2369 1132 2444; x_wconf 85' lang='lat' dir='ltr'><strong>quod</strong></span> <span class='ocrx_word' id='word_1_139' title='bbox 1158 2377 1254 2426; x_wconf 85' lang='lat' dir='ltr'><strong>ortum</strong></span> <span class='ocrx_word' id='word_1_140' title='bbox 1283 2377 1330 2426; x_wconf 79' lang='lat' dir='ltr'><strong>ost</strong></span> <span class='ocrx_word' id='word_1_141' title='bbox 1359 2371 1399 2428; x_wconf 81' lang='lat' dir='ltr'><strong>eb</strong></span> 
     </span>
     <span class='ocr_line' id='line_1_21' title="bbox 290 2470 1401 2555; baseline 0.001 -22"><span class='ocrx_word' id='word_1_142' title='bbox 290 2470 421 2554; x_wconf 70' lang='grc' dir='ltr'><strong>ἐβγαίνω</strong></span> <span class='ocrx_word' id='word_1_143' title='bbox 441 2473 462 2530; x_wconf 91' lang='lat' dir='ltr'><strong>i.</strong></span> <span class='ocrx_word' id='word_1_144' title='bbox 482 2493 508 2531; x_wconf 91' lang='lat' dir='ltr'><strong>e.</strong></span> <span class='ocrx_word' id='word_1_145' title='bbox 531 2471 674 2555; x_wconf 80' lang='grc' dir='ltr'><strong>ἐκβαίνω,</strong></span> <span class='ocrx_word' id='word_1_146' title='bbox 694 2482 845 2550; x_wconf 76' lang='lat' dir='ltr'><strong>praetereo</strong></span> <span class='ocrx_word' id='word_1_147' title='bbox 865 2475 1063 2550; x_wconf 84' lang='lat' dir='ltr'><strong>reponendum</strong></span> <span class='ocrx_word' id='word_1_148' title='bbox 1080 2481 1126 2534; x_wconf 80' lang='lat' dir='ltr'><strong>e&#39;st</strong></span> <span class='ocrx_word' id='word_1_149' title='bbox 1150 2473 1180 2534; x_wconf 82' lang='lat' dir='ltr'><strong>oi</strong></span> <span class='ocrx_word' id='word_1_150' title='bbox 1201 2472 1401 2553; x_wconf 80' lang='grc' dir='ltr'><strong>δεσμωμένοι</strong></span> 
     </span>
     <span class='ocr_line' id='line_1_22' title="bbox 288 2575 611 2672; baseline 0.006 -34"><span class='ocrx_word' id='word_1_151' title='bbox 288 2582 309 2638; x_wconf 87' lang='lat' dir='ltr'><strong>i.</strong></span> <span class='ocrx_word' id='word_1_152' title='bbox 321 2599 353 2672; x_wconf 58' lang='grc' dir='ltr'><strong>ρ.</strong></span> <span class='ocrx_word' id='word_1_153' title='bbox 371 2575 611 2659; x_wconf 79' lang='grc' dir='ltr'><strong>δεδεαμιομένοι.</strong></span> 
     </span>
    </p>

    <p class='ocr_par' dir='ltr' id='par_1_10' title="bbox 286 2683 1398 3833">
     <span class='ocr_line' id='line_1_23' title="bbox 371 2683 1398 2769; baseline 0.003 -25"><span class='ocrx_word' id='word_1_154' title='bbox 371 2687 410 2744; x_wconf 89' lang='lat' dir='ltr'><strong>V.</strong></span> <span class='ocrx_word' id='word_1_155' title='bbox 432 2688 524 2746; x_wconf 88' lang='grc'><strong>1867.</strong></span> <span class='ocrx_word' id='word_1_156' title='bbox 565 2685 616 2745; x_wconf 82' lang='grc' dir='ltr'><strong>καὶ</strong></span> <span class='ocrx_word' id='word_1_157' title='bbox 650 2683 787 2768; x_wconf 80' lang='grc' dir='ltr'>εὐσεβῶς</span> <span class='ocrx_word' id='word_1_158' title='bbox 821 2683 1018 2769; x_wconf 80' lang='grc' dir='ltr'><strong>ἐβασοεοοεν</strong></span> <span class='ocrx_word' id='word_1_159' title='bbox 1052 2685 1184 2769; x_wconf 81' lang='grc' dir='ltr'><strong>χρόνους</strong></span> <span class='ocrx_word' id='word_1_160' title='bbox 1209 2684 1398 2768; x_wconf 83' lang='grc' dir='ltr'><strong>σαραπέντε]</strong></span> 
     </span>
     <span class='ocr_line' id='line_1_24' title="bbox 287 2789 1397 2876; baseline 0 -24"><span class='ocrx_word' id='word_1_161' title='bbox 287 2795 354 2869; x_wconf 81' lang='lat' dir='ltr'><strong>loge</strong></span> <span class='ocrx_word' id='word_1_162' title='bbox 378 2811 409 2850; x_wconf 82' lang='grc' dir='ltr'><strong>κι</strong></span> <span class='ocrx_word' id='word_1_163' title='bbox 431 2789 568 2874; x_wconf 80' lang='grc' dir='ltr'>εὐσεβῶς</span> <span class='ocrx_word' id='word_1_164' title='bbox 594 2792 790 2876; x_wconf 82' lang='grc' dir='ltr'><strong>ἐβασίλευσεν</strong></span> <span class='ocrx_word' id='word_1_165' title='bbox 820 2789 952 2874; x_wconf 81' lang='grc' dir='ltr'><strong>χρόνους</strong></span> <span class='ocrx_word' id='word_1_166' title='bbox 988 2793 1122 2876; x_wconf 67' lang='lat' dir='ltr'><strong>eupolum</strong></span> <span class='ocrx_word' id='word_1_167' title='bbox 1154 2789 1253 2854; x_wconf 82' lang='grc' dir='ltr'><strong>πέντε.</strong></span> <span class='ocrx_word' id='word_1_168' title='bbox 1309 2796 1397 2852; x_wconf 87' lang='lat' dir='ltr'><strong>Nihil</strong></span> 
     </span>
     <span class='ocr_line' id='line_1_25' title="bbox 287 2872 1395 2980; baseline 0 -22"><span class='ocrx_word' id='word_1_169' title='bbox 287 2872 493 2974; x_wconf 55' lang='lat' dir='ltr'><strong>ineptiusillo</strong></span> <span class='ocrx_word' id='word_1_170' title='bbox 519 2897 703 2980; x_wconf 65' lang='lat' dir='ltr'><strong>coposiore,</strong></span> <span class='ocrx_word' id='word_1_171' title='bbox 730 2919 789 2976; x_wconf 88' lang='lat' dir='ltr'><strong>quo</strong></span> <span class='ocrx_word' id='word_1_172' title='bbox 815 2900 903 2960; x_wconf 87' lang='lat' dir='ltr'><strong>simul</strong></span> <span class='ocrx_word' id='word_1_173' title='bbox 928 2910 1054 2960; x_wconf 82' lang='lat' dir='ltr'><strong>metrum</strong></span> <span class='ocrx_word' id='word_1_174' title='bbox 1078 2905 1226 2974; x_wconf 76' lang='lat' dir='ltr'><strong>turbetur,</strong></span> <span class='ocrx_word' id='word_1_175' title='bbox 1252 2899 1395 2976; x_wconf 81' lang='lat' dir='ltr'><strong>siquidem</strong></span> 
     </span>
     <span class='ocr_line' id='line_1_26' title="bbox 286 3005 1398 3086; baseline -0.001 -20"><span class='ocrx_word' id='word_1_176' title='bbox 286 3006 460 3066; x_wconf 70' lang='lat' dir='ltr'><strong>remotiores</strong></span> <span class='ocrx_word' id='word_1_177' title='bbox 488 3005 621 3086; x_wconf 87' lang='grc' dir='ltr'><strong>οαροίντα</strong></span> <span class='ocrx_word' id='word_1_178' title='bbox 649 3005 740 3070; x_wconf 78' lang='grc' dir='ltr'><strong>πέντε</strong></span> <span class='ocrx_word' id='word_1_179' title='bbox 766 3009 873 3066; x_wconf 77' lang='lat' dir='ltr'><strong>dieunt.</strong></span> <span class='ocrx_word' id='word_1_180' title='bbox 915 3009 963 3067; x_wconf 85' lang='lat' dir='ltr'><strong>Do</strong></span> <span class='ocrx_word' id='word_1_181' title='bbox 988 3009 1054 3085; x_wconf 83' lang='lat' dir='ltr'><strong>ipse</strong></span> <span class='ocrx_word' id='word_1_182' title='bbox 1078 3017 1177 3068; x_wconf 81' lang='lat' dir='ltr'><strong>eutem</strong></span> <span class='ocrx_word' id='word_1_183' title='bbox 1196 3029 1268 3068; x_wconf 83' lang='lat' dir='ltr'><strong>voce</strong></span> <span class='ocrx_word' id='word_1_184' title='bbox 1286 3007 1398 3066; x_wconf 79' lang='lat' dir='ltr'><strong>Corues</strong></span> 
     </span>
     <span class='ocr_line' id='line_1_27' title="bbox 286 3106 1398 3195; baseline -0.001 -21"><span class='ocrx_word' id='word_1_185' title='bbox 286 3109 408 3174; x_wconf 84' lang='grc' dir='ltr'><strong>Ἀτακτ.</strong></span> <span class='ocrx_word' id='word_1_186' title='bbox 431 3106 508 3190; x_wconf 85' lang='grc' dir='ltr'><strong>Τομ.</strong></span> <span class='ocrx_word' id='word_1_187' title='bbox 528 3113 563 3170; x_wconf 92' lang='grc' dir='ltr'><strong>Π</strong></span> <span class='ocrx_word' id='word_1_188' title='bbox 584 3114 648 3174; x_wconf 82' lang='grc' dir='ltr'><strong>πελ.</strong></span> <span class='ocrx_word' id='word_1_189' title='bbox 672 3116 754 3176; x_wconf 76' lang='grc' dir='ltr'><strong>321ι</strong></span> <span class='ocrx_word' id='word_1_190' title='bbox 781 3114 815 3175; x_wconf 81' lang='grc' dir='ltr'><strong>τὸ</strong></span> <span class='ocrx_word' id='word_1_191' title='bbox 844 3115 1071 3195; x_wconf 82' lang='grc' dir='ltr'><strong>τεσσαράκοντα</strong></span> <span class='ocrx_word' id='word_1_192' title='bbox 1087 3117 1148 3174; x_wconf 81' lang='grc' dir='ltr'><strong>τῶν</strong></span> <span class='ocrx_word' id='word_1_193' title='bbox 1168 3116 1306 3174; x_wconf 82' lang='grc' dir='ltr'><strong>παλαιῶν</strong></span> <span class='ocrx_word' id='word_1_194' title='bbox 1329 3112 1398 3173; x_wconf 82' lang='grc' dir='ltr'><strong>ἐκο-</strong></span> 
     </span>
     <span class='ocr_line' id='line_1_28' title="bbox 290 3214 1397 3302; baseline -0.001 -26"><span class='ocrx_word' id='word_1_195' title='bbox 290 3214 437 3297; x_wconf 83' lang='grc' dir='ltr'><strong>λόβωοαν</strong></span> <span class='ocrx_word' id='word_1_196' title='bbox 456 3221 576 3298; x_wconf 84' lang='grc' dir='ltr'><strong>πρῶτον</strong></span> <span class='ocrx_word' id='word_1_197' title='bbox 600 3219 644 3286; x_wconf 81' lang='grc' dir='ltr'><strong>εἰς</strong></span> <span class='ocrx_word' id='word_1_198' title='bbox 663 3222 696 3283; x_wconf 83' lang='grc' dir='ltr'><strong>τὸ</strong></span> <span class='ocrx_word' id='word_1_199' title='bbox 721 3221 902 3302; x_wconf 84' lang='grc' dir='ltr'><strong>οαροὶκοντα,</strong></span> <span class='ocrx_word' id='word_1_200' title='bbox 925 3220 977 3280; x_wconf 78' lang='grc' dir='ltr'><strong>καί</strong></span> <span class='ocrx_word' id='word_1_201' title='bbox 999 3218 1103 3282; x_wconf 84' lang='grc' dir='ltr'><strong>ἔπειτα</strong></span> <span class='ocrx_word' id='word_1_202' title='bbox 1125 3219 1163 3301; x_wconf 78' lang='grc' dir='ltr'><strong>μὲ</strong></span> <span class='ocrx_word' id='word_1_203' title='bbox 1181 3217 1234 3298; x_wconf 77' lang='grc' dir='ltr'><strong>τὴν</strong></span> <span class='ocrx_word' id='word_1_204' title='bbox 1257 3214 1397 3297; x_wconf 85' lang='grc' dir='ltr'><strong>πρόοδον</strong></span> 
     </span>
     <span class='ocr_line' id='line_1_29' title="bbox 288 3320 1397 3408; baseline 0 -26"><span class='ocrx_word' id='word_1_205' title='bbox 288 3325 342 3403; x_wconf 73' lang='grc' dir='ltr'><strong>τῆς</strong></span> <span class='ocrx_word' id='word_1_206' title='bbox 360 3320 587 3405; x_wconf 77' lang='grc' dir='ltr'><strong>βαρβαρὸτητος</strong></span> <span class='ocrx_word' id='word_1_207' title='bbox 614 3326 658 3393; x_wconf 81' lang='grc' dir='ltr'><strong>είς</strong></span> <span class='ocrx_word' id='word_1_208' title='bbox 682 3327 716 3388; x_wconf 83' lang='grc' dir='ltr'><strong>τὸ</strong></span> <span class='ocrx_word' id='word_1_209' title='bbox 746 3327 890 3408; x_wconf 76' lang='grc' dir='ltr'><strong>παρόντα.</strong></span> <span class='ocrx_word' id='word_1_210' title='bbox 932 3323 1079 3389; x_wconf 81' lang='grc' dir='ltr'><strong>Τοιαῦται</strong></span> <span class='ocrx_word' id='word_1_211' title='bbox 1099 3324 1286 3408; x_wconf 77' lang='grc' dir='ltr'><strong>κολοβῶσεις</strong></span> <span class='ocrx_word' id='word_1_212' title='bbox 1305 3322 1397 3383; x_wconf 79' lang='grc' dir='ltr'><strong>πιθα-</strong></span> 
     </span>
     <span class='ocr_line' id='line_1_30' title="bbox 290 3425 1397 3516; baseline -0.001 -25"><span class='ocrx_word' id='word_1_213' title='bbox 290 3429 341 3490; x_wconf 86' lang='grc' dir='ltr'><strong>νὸν</strong></span> <span class='ocrx_word' id='word_1_214' title='bbox 363 3427 409 3488; x_wconf 74' lang='grc' dir='ltr'><strong>ὅτι</strong></span> <span class='ocrx_word' id='word_1_215' title='bbox 429 3425 543 3512; x_wconf 85' lang='grc' dir='ltr'><strong>ἔλαβαν</strong></span> <span class='ocrx_word' id='word_1_216' title='bbox 563 3429 617 3513; x_wconf 71' lang='grc' dir='ltr'><strong>τὴν</strong></span> <span class='ocrx_word' id='word_1_217' title='bbox 638 3432 737 3516; x_wconf 81' lang='grc' dir='ltr'><strong>ἀρχὴν</strong></span> <span class='ocrx_word' id='word_1_218' title='bbox 759 3433 819 3494; x_wconf 81' lang='grc' dir='ltr'><strong>ἀπὸ</strong></span> <span class='ocrx_word' id='word_1_219' title='bbox 833 3433 904 3501; x_wconf 82' lang='grc' dir='ltr'><strong>τοὺς</strong></span> <span class='ocrx_word' id='word_1_220' title='bbox 922 3431 1073 3500; x_wconf 81' lang='grc' dir='ltr'><strong>παλαιοὺς</strong></span> <span class='ocrx_word' id='word_1_221' title='bbox 1089 3428 1244 3515; x_wconf 75' lang='grc' dir='ltr'><strong>κωμικοὺς</strong></span> <span class='ocrx_word' id='word_1_222' title='bbox 1258 3427 1397 3508; x_wconf 81' lang='grc' dir='ltr'><strong>(Ἀτακτ.</strong></span> 
     </span>
     <span class='ocr_line' id='line_1_31' title="bbox 290 3532 1396 3620; baseline -0.003 -24"><span class='ocrx_word' id='word_1_223' title='bbox 290 3532 402 3616; x_wconf 84' lang='grc' dir='ltr'><strong>Τομ.1</strong></span> <span class='ocrx_word' id='word_1_224' title='bbox 428 3534 492 3594; x_wconf 81' lang='grc' dir='ltr'><strong>πελ.</strong></span> <span class='ocrx_word' id='word_1_225' title='bbox 514 3537 591 3614; x_wconf 87' lang='grc'><strong>207)</strong></span> <span class='ocrx_word' id='word_1_226' title='bbox 617 3539 668 3599; x_wconf 78' lang='grc' dir='ltr'><strong>καί</strong></span> <span class='ocrx_word' id='word_1_227' title='bbox 695 3537 732 3599; x_wconf 79' lang='grc' dir='ltr'><strong>τὰ</strong></span> <span class='ocrx_word' id='word_1_228' title='bbox 761 3538 811 3600; x_wconf 78' lang='grc' dir='ltr'><strong>διὰ</strong></span> <span class='ocrx_word' id='word_1_229' title='bbox 844 3540 878 3602; x_wconf 86' lang='grc' dir='ltr'><strong>τὸ</strong></span> <span class='ocrx_word' id='word_1_230' title='bbox 907 3540 1028 3620; x_wconf 78' lang='grc' dir='ltr'><strong>γελοῖον</strong></span> <span class='ocrx_word' id='word_1_231' title='bbox 1056 3537 1209 3620; x_wconf 70' lang='grc' dir='ltr'><strong>λεγόμενα</strong></span> <span class='ocrx_word' id='word_1_232' title='bbox 1235 3533 1396 3617; x_wconf 82' lang='grc' dir='ltr'><strong>πρότερον,</strong></span> 
     </span>
     <span class='ocr_line' id='line_1_32' title="bbox 292 3636 1396 3727; baseline -0.001 -25"><span class='ocrx_word' id='word_1_233' title='bbox 292 3638 391 3720; x_wconf 68' lang='grc' dir='ltr'><strong>ἔτινον</strong></span> <span class='ocrx_word' id='word_1_234' title='bbox 414 3636 518 3700; x_wconf 84' lang='grc' dir='ltr'><strong>ἔπειτα</strong></span> <span class='ocrx_word' id='word_1_235' title='bbox 548 3643 713 3706; x_wconf 82' lang='grc' dir='ltr'><strong>σπουδαῖα.</strong></span> <span class='ocrx_word' id='word_1_236' title='bbox 746 3641 807 3706; x_wconf 70' lang='lat' dir='ltr'><strong>”As</strong></span> <span class='ocrx_word' id='word_1_237' title='bbox 832 3643 1041 3723; x_wconf 80' lang='grc' dir='ltr'><strong>πιστεύσωμεν</strong></span> <span class='ocrx_word' id='word_1_238' title='bbox 1065 3645 1136 3712; x_wconf 84' lang='grc' dir='ltr'><strong>τοὺς</strong></span> <span class='ocrx_word' id='word_1_239' title='bbox 1156 3639 1396 3727; x_wconf 68' lang='grc' dir='ltr'><strong>ιγραμιιατιιιοὺς,</strong></span> 
     </span>
     <span class='ocr_line' id='line_1_33' title="bbox 290 3743 1397 3833; baseline -0.002 -24"><span class='ocrx_word' id='word_1_240' title='bbox 290 3744 430 3826; x_wconf 79' lang='grc' dir='ltr'><strong>τοιαύτην</strong></span> <span class='ocrx_word' id='word_1_241' title='bbox 456 3743 522 3806; x_wconf 81' lang='grc' dir='ltr'><strong>τινὰ</strong></span> <span class='ocrx_word' id='word_1_242' title='bbox 549 3745 718 3833; x_wconf 80' lang='grc' dir='ltr'><strong>κολόβωοιν</strong></span> <span class='ocrx_word' id='word_1_243' title='bbox 749 3749 847 3812; x_wconf 80' lang='grc' dir='ltr'><strong>ἔπαθε</strong></span> <span class='ocrx_word' id='word_1_244' title='bbox 876 3749 928 3810; x_wconf 81' lang='grc' dir='ltr'><strong>καὶ</strong></span> <span class='ocrx_word' id='word_1_245' title='bbox 955 3750 975 3829; x_wconf 83' lang='grc' dir='ltr'>ἡ</span> <span class='ocrx_word' id='word_1_246' title='bbox 997 3751 1133 3832; x_wconf 76' lang='grc' dir='ltr'><strong>τράπεζα</strong></span> <span class='ocrx_word' id='word_1_247' title='bbox 1155 3750 1216 3812; x_wconf 82' lang='grc' dir='ltr'><strong>ἀπὸ</strong></span> <span class='ocrx_word' id='word_1_248' title='bbox 1239 3749 1273 3810; x_wconf 84' lang='grc' dir='ltr'><strong>τὸ</strong></span> <span class='ocrx_word' id='word_1_249' title='bbox 1295 3747 1397 3828; x_wconf 81' lang='grc' dir='ltr'><strong>τετρά-</strong></span> 
     </span>
    </p>
   </div>
   <div class='ocr_carea' id='block_1_6' title="bbox 290 3852 1519 3942">
    <p class='ocr_par' dir='ltr' id='par_1_11' title="bbox 290 3852 1519 3942">
     <span class='ocr_line' id='line_1_34' title="bbox 290 3852 1519 3942; baseline 0 -28"><span class='ocrx_word' id='word_1_250' title='bbox 290 3855 378 3920; x_wconf 72' lang='grc' dir='ltr'><strong>πεία.</strong></span> <span class='ocrx_word' id='word_1_251' title='bbox 421 3852 565 3926; x_wconf 86' lang='lat' dir='ltr'><strong>Equidom</strong></span> <span class='ocrx_word' id='word_1_252' title='bbox 597 3858 650 3916; x_wconf 86' lang='lat' dir='ltr'><strong>vix</strong></span> <span class='ocrx_word' id='word_1_253' title='bbox 681 3859 845 3936; x_wconf 74' lang='lat' dir='ltr'><strong>putaverim</strong></span> <span class='ocrx_word' id='word_1_254' title='bbox 880 3864 980 3932; x_wconf 82' lang='lat' dir='ltr'><strong>poetes</strong></span> <span class='ocrx_word' id='word_1_255' title='bbox 1014 3860 1137 3918; x_wconf 90' lang='lat' dir='ltr'><strong>oomioos</strong></span> <span class='ocrx_word' id='word_1_256' title='bbox 1174 3859 1245 3916; x_wconf 74' lang='lat' dir='ltr'><strong>tulin</strong></span> <span class='ocrx_word' id='word_1_257' title='bbox 1271 3873 1399 3914; x_wconf 74' lang='lat' dir='ltr'><strong>ausuros</strong></span> <span class='ocrx_word' id='word_1_258' title='bbox 1518 3929 1519 3942; x_wconf 11' lang='grc' dir='ltr'>χ</span> 
     </span>
    </p>
   </div>
   <div class='ocr_carea' id='block_1_7' title="bbox 289 3955 1398 4142">
    <p class='ocr_par' dir='ltr' id='par_1_12' title="bbox 289 3955 1398 4142">
     <span class='ocr_line' id='line_1_35' title="bbox 289 3955 1398 4042; baseline 0 -25"><span class='ocrx_word' id='word_1_259' title='bbox 289 3958 389 4030; x_wconf 82' lang='lat' dir='ltr'><strong>fuisse,</strong></span> <span class='ocrx_word' id='word_1_260' title='bbox 406 3959 463 4017; x_wconf 89' lang='lat' dir='ltr'><strong>nisi</strong></span> <span class='ocrx_word' id='word_1_261' title='bbox 479 3955 542 4038; x_wconf 77' lang='lat' dir='ltr'><strong>jam</strong></span> <span class='ocrx_word' id='word_1_262' title='bbox 563 3963 676 4039; x_wconf 81' lang='lat' dir='ltr'><strong>pridem</strong></span> <span class='ocrx_word' id='word_1_263' title='bbox 697 3967 729 4024; x_wconf 91' lang='lat' dir='ltr'><strong>in</strong></span> <span class='ocrx_word' id='word_1_264' title='bbox 749 3965 844 4042; x_wconf 88' lang='lat' dir='ltr'><strong>plebis</strong></span> <span class='ocrx_word' id='word_1_265' title='bbox 863 3981 913 4022; x_wconf 82' lang='lat' dir='ltr'><strong>ore</strong></span> <span class='ocrx_word' id='word_1_266' title='bbox 933 3963 1105 4039; x_wconf 78' lang='lat' dir='ltr'><strong>viguissent.</strong></span> <span class='ocrx_word' id='word_1_267' title='bbox 1147 3963 1193 4023; x_wconf 73' lang='grc'><strong>01</strong></span> <span class='ocrx_word' id='word_1_268' title='bbox 1212 3960 1325 4018; x_wconf 70' lang='lat' dir='ltr'><strong>Athen.</strong></span> <span class='ocrx_word' id='word_1_269' title='bbox 1348 3962 1398 4019; x_wconf 90' lang='lat' dir='ltr'><strong>VI</strong></span> 
     </span>
     <span class='ocr_line' id='line_1_36' title="bbox 291 4065 449 4142; baseline -0.013 -19"><span class='ocrx_word' id='word_1_270' title='bbox 291 4082 358 4140; x_wconf 67' lang='grc' dir='ltr'><strong>ρος.</strong></span> <span class='ocrx_word' id='word_1_271' title='bbox 379 4065 449 4142; x_wconf 79' lang='grc'><strong>221.</strong></span> 
     </span>
    </p>
   </div>
   <div class='ocr_carea' id='block_1_8' title="bbox 694 4285 990 4310">
    <p class='ocr_par' dir='ltr' id='par_1_13' title="bbox 694 4285 990 4310">
     <span class='ocr_line' id='line_1_37' title="bbox 694 4285 990 4310; baseline -0.014 -8"><span class='ocrx_word' id='word_1_272' title='bbox 694 4285 990 4310; x_wconf 50' lang='grc' dir='ltr'><strong>-ο--α-</strong></span> 
     </span>
    </p>
   </div>
   <div class='ocr_carea' id='block_1_9' title="bbox 0 0 1543 5102">
    <p class='ocr_par' dir='ltr' id='par_1_14' title="bbox 0 0 1543 5102">
     <span class='ocr_line' id='line_1_38' title="bbox 0 0 1543 5102; baseline 0 0"><span class='ocrx_word' id='word_1_273' title='bbox 0 0 1543 5102; x_wconf 95' lang='lat' dir='ltr'><strong> </strong></span> 
     </span>
    </p>
   </div>
  </div>
 </body>
</html>
