3066 5102
742 367 892 462 AB*

268 551 364 604 autem
387 541 521 627 θεωρίαν
548 565 564 603 e
583 543 702 626 πλήρης
726 551 814 627 aptus
839 563 897 602 non
925 552 970 604 est
998 545 1120 622 genitivi
1137 547 1200 608 loco
1220 565 1307 623 quem
1327 567 1381 606 ve-

268 661 344 711 teres
371 672 513 730 usurpare
542 661 764 725 consueverunt,
792 655 843 711 sed
870 653 901 711 in
923 655 1039 730 vulgari
1061 675 1193 715 sermone
1211 657 1382 731 requiritur.

267 762 366 820 Julius
387 763 485 820 David
503 757 642 842 Παραλλ.
661 761 724 821 uel.
743 759 802 821 86:
818 755 860 820 ‘H
884 758 1029 840 αἰτιατιιιὴ
1054 758 1132 822 εἶναι
1152 761 1203 822 καὶ
1224 784 1381 844 παραστα-

267 868 331 951 τικὴ
362 871 415 948 τῆς
444 867 532 948 ὕλης·
561 867 674 948 γεμοίτο
697 866 785 950 capri·
816 865 972 950 οτριομένο
996 866 1124 949 deihum-
1157 867 1221 929 ἀντὶ
1246 869 1380 950 γεμοὶτον

268 976 329 1039 ἀπὸ
349 973 433 1058 νερό·
466 972 638 1058 στρωμένον
666 974 704 1055 μὲ
727 973 856 1057 ψάθαις·
885 973 1020 1057 ἐλλείψει
1041 978 1100 1036 τῶν
1124 974 1314 1058 προθέσεων.
1337 1012 1378 1022 -

267 1087 320 1165 τῆς
339 1083 497 1165 γυναῖκας]
517 1085 570 1163 τῆς
594 1080 744 1162 γυναικός.
779 1082 880 1142 Codex
899 1087 1019 1160 praebet
1037 1087 1191 1164 γυναῖκας,
1212 1088 1290 1161 quod
1306 1105 1380 1161 quo·

267 1194 346 1252 niam
368 1191 490 1270 genitivi
510 1193 573 1250 loco
595 1200 648 1265 est,
669 1193 884 1250 circumflexum
907 1193 938 1250 in
958 1200 1074 1251 acutum
1096 1195 1215 1254 mutavi.
1255 1194 1300 1252 De
1322 1195 1381 1250 hac

267 1309 365 1359 autem
388 1301 538 1358 nominum
565 1301 830 1378 transfiguratione,
860 1320 919 1376 qua
946 1301 1047 1358 tertiae
1075 1301 1274 1359 declinationis
1293 1319 1381 1358 voea-

266 1410 337 1467 bula
356 1409 387 1466 in
409 1409 534 1491 primam
555 1416 716 1480 transeunt,
744 1428 833 1482 quum
855 1409 918 1484 ipse
939 1410 1009 1467 olim
1030 1409 1067 1466 ad
1091 1410 1177 1466 Dem.
1196 1409 1266 1466 Zen.
1288 1427 1317 1484 p.
1338 1409 1379 1468 63

267 1517 393 1576 breviter
411 1515 585 1591 scripserim,
606 1514 657 1572 alii
680 1534 758 1588 vero,
779 1515 922 1591 imprimis
938 1515 1046 1574 Coraes
1067 1517 1105 1574 ad
1115 1516 1266 1574 Plutarchi
1280 1517 1378 1576 Alcib.

267 1644 291 1683 c.
304 1625 343 1684 22
365 1644 393 1700 p.
409 1623 469 1682 365
492 1622 528 1680 Τ.
542 1621 576 1680 II
596 1629 625 1680 et
642 1621 805 1682 Lobeckius
825 1625 935 1683 Parall.
951 1623 1083 1683 Gremm.
1106 1623 1160 1682 Gr.
1179 1645 1208 1700 p.
1224 1625 1288 1684 146
1298 1645 1374 1700 seqq.

267 1731 411 1792 uberrime
443 1731 665 1807 disputaverint,
699 1750 776 1789 nune
808 1733 881 1790 nihil
914 1731 1017 1790 attinet
1045 1733 1161 1803 addere,
1192 1733 1246 1790 etsi
1275 1741 1373 1809 poetae

266 1839 464 1906 mixobarbari
493 1824 688 1916 suppeditant,
715 1840 792 1898 unde
822 1841 941 1900 collecta
963 1840 1077 1899 abillis
1105 1839 1254 1899 variarum
1283 1849 1375 1900 muta-

266 1949 378 2008 tionum
399 1948 534 2024 exempla
553 1947 655 2024 augeri
677 1946 801 2021 possint.
845 1945 904 2006 Sed
925 1951 1223 2023 praeterquamquod
1244 1956 1376 2008 accurata

266 2049 446 2132 expositione
466 2063 553 2130 egent
575 2053 739 2112 communia
762 2053 850 2112 totius
873 2055 992 2131 linguae
1019 2055 1152 2131 vulgaris
1173 2059 1376 2132 metaplasmo·

266 2182 331 2222 rum
353 2169 381 2220 et
399 2161 631 2221 heteroclitorum
650 2180 759 2238 genera
780 2164 828 2220 vel
848 2163 977 2239 plurium
996 2163 1184 2223 dialectorum
1198 2165 1226 2222 in
1247 2184 1375 2241 quarun-

266 2275 334 2332 dam
363 2271 521 2330 sormarum
549 2289 605 2328 usu
633 2271 800 2329 discrimina
829 2272 910 2328 velut
936 2269 955 2349 ἡ
979 2267 1135 2351 aepheta,
1158 2271 1177 2350 i,
1202 2270 1301 2354 ῥάβδα
1322 2283 1375 2333 etc.

264 2403 318 2460 pro
339 2378 358 2458 ἡ
385 2373 549 2458 παρθένος,
572 2375 591 2455 ἡ
615 2361 737 2458 pallidos,
760 2378 899 2453 pleraque
919 2379 1005 2438 etiam
1027 2399 1105 2437 nune
1127 2379 1248 2438 dicenda
1265 2389 1376 2441 restant

266 2493 302 2548 de
324 2487 506 2562 singulorum
536 2484 707 2560 scriptorum
737 2486 860 2543 licentia.
907 2487 1008 2562 Atque
1035 2486 1066 2543 in
1093 2487 1139 2545 his
1165 2487 1282 2562 quidem
1303 2509 1375 2547 non·

265 2599 348 2658 nulla
368 2593 555 2653 scribentium
577 2592 739 2669 imperitiae
763 2594 900 2669 imputari
923 2613 977 2670 par
1007 2601 1051 2651 est
1077 2595 1158 2652 velut
1184 2591 1301 2677 Θρᾷκαι
1321 2617 1374 2673 pro

267 2703 386 2786 Θρᾷκες
406 2703 484 2777 apud
506 2701 620 2758 Ducam
641 2718 709 2776 pag.
730 2702 780 2774 63,
805 2703 855 2772 23,
876 2702 927 2775 qui
955 2702 1042 2760 etiam
1074 2697 1192 2783 Κρῆται
1211 2724 1240 2778 p.
1264 2703 1331 2776 185,
1353 2707 1371 2764 6

266 2808 425 2872 Κοκλοὶδαι
444 2829 473 2885 p.
500 2808 696 2885 14,18νῆαι
717 2828 746 2884 p.
766 2809 838 2880 268,
860 2809 878 2868 5
904 2806 1025 2868 celita
1047 2831 1075 2886 p.
1098 2812 1147 2882 22,
1169 2811 1186 2867 4
1215 2830 1251 2866 ex
1271 2811 1369 2866 eodem

266 2938 372 2998 genere
394 2915 536 2988 adhibuit,
560 2916 653 2974 multa
679 2934 792 2974 novans
819 2918 849 2974 in
871 2917 956 2974 tertia
970 2919 1159 2977 declinatione
1180 2937 1267 2993 quam
1287 2917 1371 3008 (11ζεί-

265 3030 363 3087 milem
381 3025 518 3100 antiquae
543 3023 635 3081 effecit
657 3023 743 3082 etiam
765 3024 795 3080 in
817 3021 890 3105 κρεή
912 3045 941 3102 p.
968 3026 1037 3098 198,
1061 3027 1108 3099 14,
1136 3022 1237 3086 alvea
1256 3047 1284 3104 p.
1304 3026 1373 3098 139,
1409 3101 1412 3106 ἢ
1528 3081 1529 3104 ,

266 3138 295 3208 2,
325 3133 390 3197 ταῖς
424 3133 494 3211 νῆες
524 3131 719 3207 Ρ.265,18,
758 3135 870 3213 τριῆριν
904 3136 1026 3210 p.110‚
1049 3134 1096 3206 11,
1128 3133 1207 3214 αἰδοῖ
1224 3155 1253 3209 p.
1275 3135 1324 3205 23,
1345 3135 1373 3204 7,

266 3238 404 3323 ἀρρένοις
424 3260 455 3316 p.
479 3241 530 3312 57,
555 3241 603 3313 15,
625 3239 737 3322 τείχοις
757 3261 786 3316 p.
807 3243 879 3314 266,
892 3243 921 3314 4,
943 3238 1023 3307 νέοις
1044 3261 1096 3319 pro
1117 3237 1208 3299 ναοοί
1222 3261 1250 3317 p.
1264 3240 1333 3312 192,
1344 3241 1373 3309 3,

265 3347 375 3429 ἅνδρος
401 3368 454 3423 pro
474 3345 551 3428 ἀνήρ
579 3369 608 3424 p.
633 3349 702 3420 190,
725 3350 754 3408 5.
798 3350 878 3409 Nem
902 3351 979 3424 quod
1009 3349 1125 3426 vulgari
1147 3347 1241 3408 forme
1263 3345 1374 3428 ἄνδρας

263 3479 316 3536 pro
334 3453 409 3534 ἀνήρ
432 3475 462 3532 p.
484 3456 554 3528 234,
576 3455 615 3514 24
638 3457 738 3526 utitur,
759 3458 809 3514 vix
828 3457 1045 3516 memorandum
1068 3467 1120 3516 est.
1163 3457 1235 3515 Alia
1255 3456 1286 3513 in
1306 3474 1373 3530 poe·

262 3576 357 3624 tarum
380 3563 493 3638 scriptis
515 3583 531 3622 e
557 3564 691 3639 populari
720 3565 798 3623 fonte
821 3573 985 3624 manarunt.
1035 3562 1172 3624 Gatrares
1200 3563 1279 3638 apud
1308 3562 1373 3619 Ma·

263 3683 397 3748 trengam
419 3671 531 3730 Anecd.
555 3672 640 3730 Tem.
662 3673 696 3730 Π
722 3694 752 3749 p.
773 3674 837 3732 675
851 3690 930 3746 seqq.
956 3671 987 3729 in
1008 3673 1135 3732 carmine
1155 3671 1271 3748 politico
1291 3669 1373 3727 Ana·

263 3789 395 3840 creonteo
417 3779 448 3836 in
467 3779 655 3856 Neophytum
675 3780 832 3856 composito
853 3781 938 3856 plura
956 3788 1079 3856 usurpat
1103 3779 1244 3838 vocabula
1269 3776 1372 3848 Epiro·

262 3890 319 3946 tica
349 3897 377 3946 et
409 3888 552 3962 quaedam
580 3889 768 3948 finitimarum
800 3887 951 3963 regionum
979 3889 1117 3958 barbara,
1150 3887 1191 3943 ite
1216 3890 1312 3937 tamen
1340 3889 1373 3938 ut

262 4005 400 4074 appareat
428 3996 574 4054 hominem
597 3997 742 4070 ceteroqui
770 4015 827 4052 non
852 3997 999 4052 indoctum
1020 3994 1124 4051 melius
1148 3989 1173 4046 si
1187 3987 1371 4088 *vellet'scri

261 4108 329 4164 bere
347 4105 484 4180 potuisse.
517 4104 713 4178 Quaecunque
732 4109 829 4160 autem
844 4103 875 4160 in
895 4105 949 4162 hoc
966 4106 1097 4178 poemate
1116 4116 1134 4154 a
1157 4095 1371 4155 Grammaticae

260 4215 375 4290 legibus
399 4214 564 4282 abhorrent,
593 4231 630 4268 ex
657 4210 757 4267 eodem
782 4210 860 4268 fonte
889 4209 1046 4286 repetenda
1073 4215 1148 4264 sunt.
1200 4206 1255 4264 Ait
1282 4205 1371 4280 igitur

261 4323 307 4380 vir
337 4321 446 4379 facetus
474 4338 502 4392 p.
526 4320 582 4376 681
610 4337 653 4375 ve.
679 4319 738 4377 176
751 4337 811 4393 seq.
840 4315 893 4376 εἶτ’
918 4313 1084 4396 ἀπέρχεται
1117 4313 1281 4396 λαμβάνων
1311 4305 1369 4367 Τὸν
