3066 5102
626 398 773 490 ..Q-

149 583 199 646 Βία
216 581 281 666 jam
303 584 334 639 in
361 578 595 654 inamiptionibns
624 575 753 652 antiquis
778 573 1014 636 καταδουλιοὶτυ
1035 591 1090 654 pro·
1108 559 1264 640 antiton·

149 692 269 751 λευάτω
293 689 371 764 apud
389 686 522 748 Ulrioum
544 683 637 744 Titul.
657 684 771 742 Tithor.
789 681 845 753 IV,
861 679 899 742 18
922 681 1160 760 (Muslthenan.
1175 679 1255 748 1843

149 799 184 856 Π
205 815 233 872 p.
255 795 339 872 557.)
358 787 502 873 Ἐαμερίς
520 792 598 850 idem
615 793 693 866 quod
712 786 866 869 Εὐαμερίς
888 793 966 867 apud
985 793 1070 851 Ross.
1088 793 1180 850 Insor.
1201 792 1256 852 Gr.

149 905 231 962 Ined.
253 903 319 962 In.
343 902 414 973 746,
437 901 465 958 2.
488 900 518 957 7.
537 899 556 958 8
578 917 606 973 p.
627 900 679 970 33,
700 895 886 964 ἐπισιιεοὶζειν
914 918 966 972 pro
990 897 1198 968 ἐπισκευάζειν
1225 889 1262 960 16

149 1009 236 1087 Gorp.
255 1012 348 1069 Insor.
379 1026 408 1064 n.
437 1003 517 1065 1838
537 1006 565 1063 b.
587 1006 617 1077 6,
646 1001 817 1083 assedisse
841 1021 895 1078 pro
929 1003 1120 1086 σκευοθήκας
1147 1008 1186 1066 ib.
1207 1009 1255 1069 12.
1280 987 1282 990 Ι

149 1112 351 1177 κατεσκέασεν
370 1133 406 1171 6..
423 1113 513 1173 2344.
538 1115 567 1172 3.
604 1109 826 1171 tremetossie
849 1130 878 1168 n.
898 1111 991 1176 3624.
1013 1113 1063 1186 24,
1092 1113 1256 1175 κατασκεοῖ·

151 1241 256 1288 σαντες
280 1242 311 1280 6.
332 1221 426 1282 3963.
444 1220 474 1293 9,
509 1214 788 1300 συνεαρὲστεόντών
815 1237 868 1294 pro
902 1215 1198 1301 ουνευαρεστεόντιον
1227 1222 1258 1280 in

150 1329 233 1389 Ourt.
261 1329 321 1387 An.
346 1329 453 1405 Delph.
483 1346 512 1387 n.
534 1328 623 1386 243
651 1333 683 1384 ut
709 1324 829 1400 eonjeoit
855 1323 979 1400 Rodios,
1009 1323 1185 1409 ἀπελεθέρα
1205 1347 1261 1406 pro

151 1432 345 1516 ἀπελευθέρα
369 1437 448 1513 apud
478 1435 588 1495 Osann.
617 1432 728 1511 Syllog.
755 1434 847 1492 Insor.
869 1453 898 1510 p.
920 1435 990 1507 430,
1020 1431 1188 1494 &vestisset
1206 1457 1260 1513 pro

150 1539 340 1602 ἀναπαύετὰι
362 1543 432 1603 ibid.
442 1544 518 1615 433,
535 1539 688 1620 Ἀγοῦστα
712 1533 766 1617 pro
779 1535 940 1621 Αὐγοῦστοι
961 1558 990 1600 6.
1017 1541 1146 1602 assito
1163 1561 1193 1603 v.
1209 1545 1260 1603 111

149 1666 178 1724 p.
200 1648 250 1707 63.
260 1649 289 1719 b,
309 1666 340 1706 6.
363 1647 455 1706 1324.
480 1651 508 1717 b,
532 1647 613 1728 έοιτῷ
634 1665 687 1724 pro
710 1645 812 1729 ἐαυτῷ
832 1667 861 1706 6.
885 1643 974 1710 1608.
996 1667 1026 1726 g,
1049 1644 1261 1711 3360166111

148 1755 327 1834 apographo.
365 1753 453 1812 Adde
474 1753 584 1829 aliquot
604 1756 738 1831 exempla
756 1753 788 1814 in
806 1754 1043 1831 inscriptionibus
1059 1759 1098 1816 ab
1119 1759 1264 1834 Ussingio

149 1862 235 1922 editis
258 1862 309 1938 qui
330 1881 393 1919 rem
413 1879 471 1920 non
491 1857 649 1938 perspersit}
692 1859 790 1936 Quum
809 1870 905 1924 antem
924 1862 955 1921 in
979 1864 1034 1921 hae
1054 1864 1194 1940 digammi
1214 1867 1263 1926 vel

149 1971 204 2030 τοῦ
233 1989 249 2028 υ
276 1967 537 2045 praetermissione,
565 1988 640 2046 quaa
666 1971 704 2030 ad
727 1963 940 2047 diphthongos
954 1989 993 2029 αυ
1009 1979 1046 2030 'et
1070 1989 1105 2030 66
1127 1970 1262 2048 pertinet,
1313 1993 1318 2008 ·

150 2076 226 2136 mira
247 2077 377 2152 vulgaris
398 2077 540 2136 sermonis
554 2079 716 2136 eonstantit
734 2071 879 2151 oernatur,
893 2091 968 2154 quse
990 2069 1139 2140 retentos
1162 2089 1270 2139 6666υέ

150 2184 188 2242 iis
206 2193 276 2242 nata
299 2202 394 2257 usquo
422 2183 460 2238 ad
480 2187 610 2240 nostram
636 2191 759 2240 aetatem
786 2185 913 2255 duravit,
935 2185 1024 2259 paulo
1045 2179 1207 2247 asporatius
1224 2187 1263 2246 66

149 2309 208 2350 666
235 2289 376 2363 digammi
409 2287 441 2345 in
468 2288 627 2349 reeentiors
658 2289 842 2365 potissimum
872 2291 1034 2365 grossitate·
1057 2292 1264 2368 661666666-

151 2394 316 2454 driennium
337 2395 468 2454 disserui.
506 2396 584 2456 Vide
601 2413 754 2456 censuram
774 2415 868 2458 meam
889 2395 1024 2475 Sylloges
1045 2391 1264 2476 inscriptionum

151 2502 354 2562 Boeotieerum
386 2523 405 2560 a
434 2501 539 2563 Oarolo
571 2505 668 2564 Keilio
699 2505 794 2564 aditae
824 2506 964 2564 insertam
997 2507 1159 2565 Mustnellii
1186 2508 1263 2568 Zeit-

152 2611 255 2670 sohrift
276 2610 325 2669 fiir
346 2609 400 2668 das
423 2609 698 2692 Gymnesialwesen
718 2615 752 2672 H
772 2611 865 2670 Abth.
887 2630 914 2687 p,
931 2609 990 2671 195
1002 2623 1082 2688 seqq.
1101 2631 1150 2674 66.
1173 2612 1263 2676 1848.

153 2717 226 2778 Sero
249 2717 339 2794 igitur
358 2718 413 2776 feei
432 2721 510 2794 quod
526 2715 590 2797 jam
610 2735 688 2777 enno
712 2721 793 2780 1838
814 2721 844 2781 in
866 2717 969 2780 Jahnii
986 2727 1017 2778 et
1034 2711 1142 2781 fflotnii
1159 2721 1264 2782 Anna·-

151 2827 230 2886 libns
258 2827 342 2905 (Lite
369 2826 446 2886 Anz.
469 2827 528 2884 No.
549 2825 580 2884 V
596 2842 664 2903 pag.
678 2826 712 2905 2)
742 2829 790 2889 his
810 2827 871 2886 fere
892 2827 990 2888 verbis
1008 2830 1196 2904 promiseram
1217 2853 1265 2893 me

67 2917 74 2928 ’
152 2935 310 2994 facturum:
337 2932 356 3013 ὴ
392 2929 522 3016 βοήθεια
551 2933 604 3010 τῆς
633 2930 707 2992 καθ’
730 2931 812 3014 ἡμᾶς
847 2931 1008 3014 έλληνικῆτ
1034 2933 1194 2997 διαλέκτου
1225 2939 1264 3020 μὲ

155 3037 295 3122 φαίνεται
319 3037 468 3118 ἀναγκαία
497 3036 547 3098 διὰ
575 3035 628 3119 τὴν
651 3036 815 3122 ἀκρίβωσιν
839 3042 892 3120 τῆς
914 3037 1049 3121 θεωρίας
1067 3038 1185 3104 ἐκείνου
1209 3045 1265 3107 τοῦ

155 3146 335 3228 συμφώνου,
362 3138 396 3208 τδ
428 3143 534 3206 tentos
558 3144 588 3204 oi
611 3144 814 3227 γραμματικοὶ
837 3145 972 3208 αἰολικδν
997 3145 1266 3233 δίγαμμαδνομσὶ-

155 3257 266 3326 (noers.
304 3249 392 3314 Ἀλλ’
415 3249 486 3312 οὔτε
508 3251 553 3318 sit
572 3253 624 3314 τὸν
646 3251 799 3336 πρόλογον
818 3255 873 3313 τοῦ
898 3252 1113 3334 συντάγματος,
1128 3253 1200 3317 οὔτε
1222 3257 1266 3325 εἰς

151 3355 207 3431 ,τὰς
236 3361 418 3438 σημειώσεις
446 3357 517 3442 εἶχα
541 3359 592 3420 τὸν
615 3359 727 3420 σκοπὸν
757 3357 794 3420 vs
823 3359 917 3420 δώσω
945 3357 1087 3440 τοιαύτην
1116 3351 1263 3444 saeptas,

156 3461 401 3544 ὑπαινιττόμτνοτ
429 3465 534 3547 μόνον,
563 3465 710 3548 οὐδαμῶς
736 3464 914 3551 φανερόνων
937 3468 1026 3528 τοῦτο
1049 3467 1083 3528 τὸ
1107 3467 1265 3552 ὑποκείμε-

154 3591 216 3634 νον.
260 3566 378 3631 Τούτου
401 3570 492 3634 ἕνεκα
513 3573 691 3658 66όσχομαι
720 3574 763 3642 εἰς
791 3573 862 3642 τοὺς
885 3573 995 3656 φιλουτ
1015 3576 1075 3635 τῶν
1096 3573 1263 3656 έλληνυιῶν

137 3673 293 3759 'pessino
317 3675 363 3737 δτι
390 3675 433 3742 εἰς
461 3679 513 3760 τὴν
532 3682 742 3766 γραμματικήν
765 3701 824 3765 μου
846 3686 900 3764 τῆς
919 3684 1076 3764 γραικικῆς
1095 3680 1265 3759 διαλέκτου,

154 3782 192 3865 ἣν
213 3781 257 3845 d&
280 3781 487 3864 δημοσιώσειν,
514 3785 599 3852 θέλω
623 3791 705 3852 sissi
726 3789 804 3854 κατὰ
828 3790 943 3857 πλάτος
960 3789 1012 3851 ιιαλ
1031 3787 1102 3871 περὶ
1119 3791 1174 3850 τοῦ
1193 3809 1265 3872 προ·

156 3888 302 3971 ρηθέντος
329 3891 509 3974 συμφώνου.
553 3898 632 3958 Nam
653 3916 728 3976 qnae
748 3920 766 3959 a
785 3901 904 3960 Reiskio
928 3899 966 3957 ad
989 3884 1174 3957 Constantini
1192 3896 1268 3976 Cae·
1380 3901 1388 3920 ⁶

157 3997 309 4059 simoniale
333 4019 362 4078 p.
382 3999 444 4062 895
458 4019 518 4078 usq.
543 4005 581 4066 66
608 4004 663 4064 hoo
692 4018 864 4086 argumento
884 4009 1021 4068 adnotata
1041 4012 1119 4077 sunt,
1136 4005 1199 4064 etsi
1218 4021 1269 4064 sttd

157 4107 266 4181 pariari
287 4111 403 4178 saeonlo
422 4109 542 4170 forsitan
563 4131 620 4171 non
641 4113 771 4190 indigna,
785 4126 882 4175 tamen
902 4118 957 4175 hoo
974 4121 1112 4192 tempore,
1130 4131 1188 4188 quo
1203 4131 1268 4191 per-

88 4279 89 4282 *
158 4210 262 4272 senius
283 4213 354 4292 quid
374 4211 564 4292 desinenter,
581 4219 633 4278 vix
653 4207 945 4282 memoranda'ennta
1001 4250 1005 4258 ·
1095 4270 1100 4276 .

169 4351 177 4360 ·
239 4319 281 4380 V.
304 4319 355 4380 86.
394 4320 420 4386 ’ς
442 4317 570 4406 ἐμέναν]
591 4327 610 4385 i.
630 4345 655 4386 6.
678 4323 721 4394 εἰς
744 4327 800 4410 ἐμέ
823 4331 908 4408 posui
924 4346 978 4406 pre
1002 4345 1036 4386 eo
1057 4327 1135 4402 quod
1154 4326 1187 4384 in
1208 4343 1269 4384 ma-

1018 4433 1066 4494 41
