3066 5102
781 371 931 468 ...„¹⁶-.

300 550 369 609 olim
388 550 479 628 lyrica
499 550 595 626 poesis
617 551 654 608 ad
675 546 1024 626 summum'psrvenerat,
1052 571 1146 630 panea
1168 573 1276 630 genera
1294 559 1416 632 posteris

299 658 445 744 placuisse
475 669 575 719 notum
599 669 794 734 testatumque
821 667 875 717 est.
932 661 1081 736 Imprimis
1111 662 1191 722 enim
1218 666 1417 724 anacreontica

300 765 429 826 carmina
449 768 598 826 hominurn
629 767 726 826 studia
754 775 926 840 tannetum,
957 768 1065 848 quibus
1093 772 1249 830 condendis
1272 781 1301 830 et
1320 774 1427 849 quoad

300 874 363 949 ejus
384 877 447 934 lieri
467 886 580 952 poterat
602 875 751 933 variandis
772 873 891 951 plurimi
910 883 1092 952 posterorum
1112 880 1292 936 saeculorum
1313 890 1415 956 poetas

300 983 436 1041 videntur
463 1003 581 1066 operam
610 983 733 1041 dedisse.
787 980 846 1040 Sed
875 984 1009 1058 quamvis
1034 985 1077 1043 illi
1103 986 1139 1042 de
1160 985 1342 1059 antiquorum
1365 989 1413 1044 via

300 1091 471 1150 declinarint
489 1092 596 1167 aliique
620 1091 651 1148 in
672 1089 814 1166 poematis
837 1090 996 1149 scribendis
1019 1093 1057 1149 ad
1078 1091 1164 1148 aliam
1186 1111 1315 1150 normam
1332 1111 1411 1150 men·

300 1208 357 1257 tem
378 1199 544 1271 direxerint,
564 1208 662 1257 tamen
677 1198 706 1255 in
718 1199 774 1256 hac
787 1197 970 1274 ingeniorum
982 1197 1149 1256 diversitate
1163 1198 1304 1272 quasdam
1310 1195 1416 1278 judicii

300 1323 334 1364 ac
355 1306 514 1366 voluntatis
536 1306 695 1365 similitudo
712 1313 741 1364 et
764 1300 898 1382 cognatio
919 1313 1047 1382 apparet.
1095 1306 1182 1364 Talia
1204 1307 1332 1364 carmina
1348 1325 1415 1364 con·
1515 1283 1516 1310 ⁴

300 1422 457 1473 tetulerunt
471 1411 662 1491 Sophronius,
678 1417 736 1474 Leo
751 1414 905 1489 Magister,
920 1414 1084 1472 Aeoluthus
1100 1421 1128 1470 et
1144 1411 1292 1490 Georgius
1309 1412 1416 1472 Gram-

300 1521 407 1594 matici,
424 1523 576 1582 Johannes
598 1522 749 1592 Gazaeus,
770 1521 874 1580 Helias
895 1521 1058 1598 Syncellus,
1079 1520 1215 1595 Ignatius
1236 1519 1415 1584 Grammati-

300 1649 362 1700 cus,
377 1628 605 1706 Christophorus
624 1630 736 1706 primus
755 1648 774 1687 a
794 1627 935 1700 Sacratis,
955 1627 1096 1699 Photius,
1123 1628 1270 1688 Arsanias
1291 1629 1416 1688 Archis-

301 1739 446 1814 piscopus,
466 1735 613 1810 (latrones,
633 1737 958 1814 ManuelPalaoologus
982 1745 1011 1794 et
1030 1736 1092 1795 Leo
1112 1735 1235 1813 Sapiens
1256 1737 1415 1812 Imperato-

301 1866 357 1916 res,
380 1843 590 1905 Constantinus
612 1844 737 1905 Siculus.
779 1847 830 1904 Ad
850 1847 905 1903 hoc
924 1845 1021 1922 potisis
1043 1864 1138 1921 genus
1158 1846 1318 1922 pertinent,
1340 1865 1415 1920 quae

301 1954 378 2029 apud
397 1953 583 2026 Ducangium
606 1953 661 2010 snb
688 1969 766 2008 voce.
786 1947 986 2010 κουκοίιλλιον
1008 1971 1037 2028 ρ.
1053 1952 1114 2013 727
1137 1962 1165 2012 et
1187 1949 1268 2016 οἶκος
1287 1971 1315 2028 p.
1332 1953 1412 2009 1034

300 2061 444 2118 dicuntur.
481 2058 540 2118 Sed
560 2059 596 2116 de
617 2054 785 2138 hujusmodi
806 2058 940 2118 versibus
963 2061 1091 2120 omnium
1117 2062 1223 2137 optime
1245 2060 1305 2136 egit
1325 2057 1412 2117 Scho-

300 2168 399 2226 liastes
418 2165 645 2243 Hephaestionis
667 2185 696 2242 p.
710 2167 752 2225 87
766 2185 826 2243 seq.
845 2166 921 2241 (171
939 2168 1012 2246 seq.)
1029 2168 1080 2243 qui
1100 2177 1211 2226 veteres
1231 2167 1273 2224 ait
1293 2166 1416 2224 iambico

291 2277 423 2335 'dimetro
454 2275 610 2334 acatalecto
650 2295 755 2334 nornen
792 2293 895 2336 versus
924 2275 1119 2335 Anacreontei
1149 2274 1304 2346 indidisse,
1338 2259 1424 2349 quod'

301 2405 393 2462 genus
415 2386 450 2442 de
469 2403 549 2443 more
570 2385 598 2441 in
621 2383 782 2458 imparibus
802 2383 873 2441 loeis
895 2384 1038 2458 spondeos
1059 2383 1207 2459 reciperet,
1226 2383 1263 2440 da
1278 2380 1417 2440 recentio-

300 2495 381 2552 ribus
401 2501 497 2552 autem
527 2492 599 2550 haec
627 2491 722 2550 docet:
751 2491 780 2549 οἱ
804 2488 838 2550 δὲ
862 2468 1007 2569 abrepat
1030 2489 1196 2568 διαιροῦσιν
1222 2487 1295 2546 αὐτὸ
1319 2484 1361 2549 είς
1382 2507 1415 2544 τε

301 2602 387 2662 κῶλα
410 2598 441 2668 ἓξ
463 2599 514 2660 καὶ
537 2599 580 2663 εἰς
604 2595 674 2658 δύο·
701 2596 808 2658 καὶτὰ
832 2595 885 2677 μὲν
908 2592 939 2662 ἓξ
963 2595 1048 2655 κῶλά
1071 2615 1160 2676 φασιν
1186 2589 1300 2665 οίκους,
1322 2590 1414 2652 τὰδὲ

303 2708 357 2770 δύο
381 2705 581 2769 κουκούλιον·
610 2705 661 2765 καὶ
684 2703 879 2786 ἐπιδέχονται
905 2703 933 2764 οἱ
957 2702 1010 2782 μὲν
1034 2699 1111 2761 οἶκοι
1135 2700 1334 2772 ἀνάπαιστον,
1363 2698 1414 2758 καὶ

303 2815 357 2876 δύο
383 2815 522 2897 ἰάμβους,
543 2813 594 2874 καὶ
614 2811 753 2893 περιττὴν
777 2811 950 2890 συλλαβήν·
977 2809 1052 2882 οἷον,

386 2922 446 2983 ἀπὸ
468 2925 521 2982 τοῦ
545 2920 632 2981 λίίλου
657 2921 690 2981 τδ
715 2918 846 3001 ῥεῖθρον,

302 3032 353 3093 καὶ

386 3139 446 3200 ἀπὸ
470 3145 522 3221 τῆς
544 3139 634 3221 φιλης
657 3137 784 3219 ἐρήμου.

301 3248 334 3309 τὸ
366 3249 400 3310 δὲ
426 3247 540 3310 τούτων
569 3242 749 3308 κουκούλιον
781 3238 932 3319 σύγκειται
963 3234 996 3297 ἔκ
1025 3257 1058 3296 τε
1085 3240 1139 3296 τοῦ
1167 3236 1333 3299 ἐλάσσονος
1353 3237 1413 3292 τῶν

303 3357 494 3441 δισυλλάβων
516 3355 629 3427 ποδῶν,
649 3348 783 3412 τουτέστι
803 3349 857 3406 τοῦ
877 3343 1037 3427 πυρριχίου
1060 3342 1109 3404 καὶ
1133 3343 1167 3432 ἐκ
1188 3344 1241 3402 τοῦ
1266 3340 1413 3422 μείζονος,

301 3462 369 3544 ἤτοι
390 3468 444 3526 τοῦ
467 3459 646 3523 σπονδείου·
677 3455 728 3518 καὶ
752 3451 818 3536 ἔχει
840 3454 870 3515 ἐν
897 3453 950 3534 μὲν
970 3455 1035 3519 ταῖς
1056 3455 1206 3534 περιτταῖς
1226 3451 1342 3532 χώραις
1362 3448 1413 3507 τὸν

303 3570 466 3646 ἐλάσσονα,
491 3568 521 3629 ἐν
545 3567 580 3628 δὲ
601 3567 666 3630 ταῖς
685 3563 799 3645 ἀρτίοις
821 3562 871 3623 τδν
894 3560 1029 3643 μείζονα,
1053 3558 1117 3621 οἷον

387 3678 496 3760 ἀρετῆς
518 3671 706 3752 εὐστεφάνου
729 3669 826 3732 ἄνθεα
849 3668 963 3752 δρέψας

387 3785 480 3865 ἁγίων
495 3778 684 3862 περσιδάμου
699 3777 816 3860 κόσμου
832 3776 907 3840 ἀίων
922 3779 993 3857 (leg.
1006 3775 1098 3857 ἁγίων
1111 3773 1277 3857 ’ρυσιδόμου
1288 3795 1315 3832 κ.
1324 3793 1348 3830 τ.
1359 3772 1414 3847 la),

303 3896 352 3958 καὶ

427 3995 585 4078 Ζαχαρίου
611 3995 744 4076 μεγάλου
763 3995 915 4075 πάχκλυτε
937 3997 1039 4075 κοῦρε.

303 4107 379 4171 τινὲς
403 4103 437 4164 δὲ
458 4103 665 4165 συντάττουσιν
688 4103 791 4169 αὐτοῖς
817 4103 867 4164 καὶ
897 4102 999 4184 ἕτερον
1031 4099 1061 4167 ἐξ
1089 4097 1155 4162 ἑνὸς
1173 4093 1415 4175 τῶντετρασυλ-

304 4213 406 4298 λάβων
435 4211 538 4272 ποδῶν
575 4213 627 4292 τὴν
664 4211 837 4294 συστροφὴν
860 4208 987 4294 ἔχοντα,
1021 4206 1114 4288 ἤγουν
1144 4201 1174 4271 ἐξ
1200 4199 1337 4264 Ἰωνικοῦ
1366 4197 1414 4260 ἀπ’

304 4320 471 4386 ἐλάσσονος
496 4321 651 4403 τρίμετρον
686 4319 905 4399 ἀκατάληκτον,
937 4315 970 4375 ὃν
1001 4312 1051 4374 καὶ
1073 4307 1289 4392 ἀνακλώμενόν
1312 4311 1415 4390 φασιν,
