3066 5102
662 391 810 485 n,

178 584 234 642 bus
254 581 340 640 modo
371 573 518 640 Arabicae
540 571 752 648 superstitionis
775 573 860 632 modo
884 570 991 630 veteris
1014 569 1146 634 Gallicae
1166 582 1196 634 et
1213 573 1295 632 Itali·

177 709 229 749 cae
251 687 348 764 podsis
371 682 496 758 vestigia
516 688 666 759 apparent,
677 680 868 739 manaverint.
903 677 1058 738 Neminem
1078 682 1163 759 fugit,
1176 683 1293 742 Arabes

178 796 355 870 magicarum
384 790 609 867 praestigiarum
632 788 858 845 studiosissimos
880 789 985 862 partim
1008 789 1038 846 in
1059 789 1173 865 magica
1193 798 1255 847 arta
1275 809 1293 847 a

181 899 301 961 Graccis
321 909 410 975 atque
429 895 590 975 Aegyptiis
608 895 773 970 profecisse,
793 894 898 971 partim
919 904 1065 973 acceptam
1084 901 1121 957 ab
1143 898 1208 956 aliis
1223 916 1292 974 gen·

179 1009 256 1067 tibus
275 1006 459 1082 disciplinam
481 1002 611 1060 excolere
631 1020 666 1060 ac
680 1005 817 1078 perficere
836 1003 983 1062 studuisse
993 1003 1034 1082 *).
1060 1006 1165 1081 Itaque
1186 1005 1292 1064 mirum

179 1135 237 1173 non
257 1124 310 1185 est,
329 1131 419 1188 quum
445 1111 521 1186 apud
543 1110 660 1168 Ambos
684 1111 863 1186 magicorum
883 1113 1058 1171 annulorum
1076 1131 1148 1171 usus
1169 1121 1219 1170 aut
1241 1131 1293 1187 per

178 1220 271 1280 mulla
293 1220 409 1280 saccula
430 1218 579 1276 duraverit
600 1225 652 1275 aut
675 1225 752 1276 certe
778 1219 950 1296 scriptorum
978 1219 1121 1296 imprimis
1142 1225 1293 1296 poetarum

179 1329 311 1388 cantibus
332 1328 494 1386 celebratus
526 1323 579 1397 sit‚'
598 1324 727 1384 Graecos
750 1343 864 1402 quoque
883 1327 914 1384 in
935 1328 1042 1386 sabulis
1059 1327 1293 1386 Romanensibus

179 1435 413 1509 carminibusque
433 1434 599 1510 frequenter
618 1429 758 1513 ejusmodi
778 1435 951 1493 annulorum
973 1435 1085 1512 agitare
1109 1435 1293 1493 mentionem.

179 1541 276 1616 Quum
305 1550 403 1601 autam
430 1541 486 1617 ipsi
512 1551 624 1599 veteres
652 1549 819 1618 portentosa
853 1544 889 1600 de
918 1541 1014 1619 Gygis
1038 1543 1146 1602 annulo
1168 1543 1293 1613 tradant,

180 1656 267 1723 atque
296 1648 383 1704 etiam
412 1667 490 1705 nunc
518 1629 626 1723 vulgus
658 1647 837 1706 Graecorum
865 1650 925 1709 vim
947 1651 1097 1709 mirificam
1118 1648 1293 1725 quibusdam

179 1755 297 1814 annulis
321 1753 440 1826 tribuat,
462 1773 520 1812 non
541 1755 642 1830 liquet,
667 1773 754 1832 quam
775 1755 885 1832 singuli
911 1757 1064 1834 scriptores
1085 1759 1293 1829 auctoritatem,

181 1863 259 1938 quod
278 1861 440 1936 exemplam
460 1862 551 1920 secuti
572 1862 630 1920 sint
642 1861 700 1940 **).

263 1969 409 2048 Lybister²
427 1969 545 2045 iugenio
566 1969 716 2046 formaque
730 1970 998 2048 praestantissimus
1012 1969 1132 2052 juvenis
1152 1969 1294 2030 Christia-

182 2095 383 2109 --.--

247 2156 274 2220 *)
298 2152 339 2204 of.
366 2150 536 2200 Tiademann.
554 2152 755 2214 disputationem
779 2157 811 2204 da
831 2155 990 2218 quaestione,
1015 2167 1083 2218 quaa
1100 2152 1181 2204 fuerit
1195 2154 1294 2206 artium

180 2237 344 2302 magicarum
362 2229 435 2290 origo
455 2235 504 2278 etc.
522 2243 547 2291 p.
567 2228 600 2280 75
618 2237 644 2282 et
659 2229 693 2281 98
704 2247 757 2296 seq.

249 2325 291 2389 **)
309 2321 422 2371 Omnino
449 2326 479 2368 ut
509 2321 581 2369 nullo
609 2337 727 2384 unquam
749 2331 865 2386 tempora
882 2318 976 2384 vulgus
995 2317 1155 2369 Graecorum
1173 2326 1296 2386 superati·

182 2409 254 2457 tione
272 2403 383 2453 liberum
401 2399 460 2461 fuit,
487 2401 526 2449 ita
543 2401 625 2449 multo
643 2403 728 2452 minus
748 2401 873 2452 Saraceni
892 2401 933 2451 his
949 2399 1081 2449 erroribus
1096 2402 1162 2451 solvi
1179 2409 1206 2452 et
1221 2406 1296 2467 quasi

182 2491 210 2539 in
225 2487 373 2538 libertatem
391 2481 516 2530 vindicari
535 2489 684 2545 potueruut.
727 2483 809 2532 Recte
827 2482 865 2532 ait
879 2481 1032 2543 Ducangiua
1050 2498 1074 2546 p.
1097 2479 1176 2536 1540:
1208 2483 1295 2547 „ela

183 2583 270 2636 οματα
294 2561 456 2630 operationes
484 2561 638 2614 diabolicae.
685 2563 845 2614 Praesertim
861 2576 923 2612 vero
942 2576 973 2610 ac
990 2562 1116 2625 peculiari
1135 2566 1241 2615 notione
1258 2567 1297 2618 ita

184 2646 350 2714 appellantur
362 2643 479 2709 mopicne
497 2644 711 2704 consecrationes,
724 2649 871 2694 statuarum
888 2641 1009 2692 videlicet
1026 2642 1068 2691 vel
1083 2643 1192 2693 aliarum
1210 2661 1297 2714 rerum

182 2726 344 2794 quorumvis,
364 2725 397 2774 ad
416 2725 530 2774 hostium
546 2725 672 2774 transitus
691 2725 731 2774 rel
749 2729 920 2787 superventus
937 2721 1118 2787 prohibendos,
1135 2724 1177 2772 val
1195 2727 1298 2777 morbo·

181 2827 239 2862 rum
256 2805 436 2871 ingruentium
455 2814 501 2855 aut
525 2806 667 2856 bestiarum
690 2807 822 2856 incursum
842 2803 1019 2854 avertendum.
1063 2804 1297 2872 Ejusmodi-porro

181 2900 284 2943 ,saluas
312 2881 500 2954 τετελεσμένος
521 2891 616 2936 vocant
642 2885 744 2948 Graeci,
762 2885 831 2934 unde
853 2880 984 2932 Tolisman
1002 2884 1125 2937 dicuutur
1140 2885 1296 2940 Arabihua.'’

185 2971 225 3020 Gi.
246 2987 271 3019 v.
290 2979 418 3044 οτοιγεῖον
443 2983 469 3032 p.
491 2964 557 3017 1453
569 2982 621 3029 seq.
666 2967 739 3017 Haec
758 2965 839 3030 igitur
863 2963 1043 3027 superstitiosa
1058 2965 1089 3012 da
1108 2981 1194 3017 rerum
1214 2971 1297 3034 magi·

184 3063 274 3099 carum
290 3053 316 3100 vi
334 3032 364 3101 ac
383 3054 414 3101 de
431 3049 564 3098 miraculis
591 3047 678 3111 opinio
705 3057 731 3099 et
748 3045 885 3098 Saracenis
905 3050 932 3094 et
949 3045 1027 3107 vulgo
1048 3043 1209 3099 Graecorum
1226 3065 1296 3100 com.

183 3131 269 3181 munia
290 3137 337 3181 est.
374 3129 549 3190 Quamobrem
566 3129 618 3180 noli
636 3130 726 3180 mirari
747 3128 817 3192 quod
831 3125 939 3176 crusina
956 3125 984 3174 in
1002 3125 1194 3190 Turcograecia
1205 3146 1231 3193 p.
1244 3129 1296 3182 490

183 3212 215 3260 de
233 3211 327 3260 Turcis
343 3217 434 3260 narrat
451 3210 492 3258 his
511 3208 611 3258 verbine
648 3208 782 3270 „Sabbato
801 3208 967 3257 Pentecosten
981 3206 1084 3258 Turcae
1100 3210 1297 3264 combusserunt

186 3291 315 3341 Graecum
330 3292 436 3342 biennio
457 3295 519 3337 ante
534 3287 692 3351 defunctum,
712 3289 781 3353 quod
798 3289 876 3350 vulgo
899 3287 1047 3335 crederetur
1065 3295 1145 3336 noctu
1159 3291 1296 3353 sepulchro

186 3373 273 3434 egredi
289 3372 458 3434 hominesque
478 3369 602 3419 occidere.
636 3367 691 3416 Alii
709 3375 797 3418 autem
817 3382 906 3418 veram
925 3380 1031 3415 causam
1051 3364 1195 3430 perhibent,
1226 3375 1295 3434 quod

184 3449 239 3500 XV
262 3451 380 3516 pluresve
407 3450 524 3501 homines
551 3454 681 3512 spectrum
701 3449 756 3511 ejus
782 3451 898 3498 videntes
923 3446 1020 3496 mortui
1042 3446 1101 3495 sint.
1153 3446 1297 3513 Sepulchra

183 3537 326 3594 extractus,
342 3537 476 3579 consumta
494 3544 580 3591 carne,
604 3534 689 3578 eutem
709 3529 808 3579 ossibus
834 3528 1017 3578 adhaerentem
1033 3528 1161 3591 integram
1179 3529 1297 3582 habuit.”

182 3612 287 3663 Etenim
308 3611 399 3661 eadem
415 3611 565 3675 opinionum
591 3610 720 3675 pravitate
735 3625 804 3658 nunc
821 3609 914 3673 vulgus
932 3607 1092 3658 Graecorum
1108 3607 1232 3660 iniectum
1250 3619 1296 3662 ast.

185 3691 283 3742 Coraca
299 3687 405 3744 Ἀτακτ.
425 3690 454 3740 11
472 3706 498 3756 p,
518 3689 567 3742 84:
590 3687 772 3760 Βορβόλακας,
790 3688 915 3759 ἰοοοίο,ἠ
936 3686 1115 3758 βουρβόλακας
1142 3683 1309 3758 ὀνομάζεταιΙ

184 3771 255 3844 ψυχὴ
277 3765 453 3828 ἀποθανόντος
473 3771 659 3842 ἐπιστρέφουσα
678 3767 710 3820 nt
730 3765 824 3840 ἐνοχλῇ
841 3769 900 3826 τοὺς
915 3769 1022 3828 ζῶντας.
1039 3795 1108 3807 -—-
1130 3764 1165 3820 ‘H
1186 3769 1296 3840 πρόοδος

181 3855 228 3924 τῆς
247 3849 365 3907 παιδείας
385 3849 517 3924 ἐψῦχρανε
537 3849 603 3903 πολὺ
621 3851 667 3922 τὴν
692 3850 749 3920 περὶ
770 3853 822 3899 τῶν
846 3846 1024 3920 Βορβολάκων
1051 3847 1149 3900 πίστιν·
1179 3847 1258 3916 μόνος
1282 3850 1295 3902 ὁ

184 3929 262 4002 ὄχλος
277 3928 389 3983 πιοτεὺει
407 3929 505 3999 ἀκόμη,
524 3927 572 3988 dar
592 3933 627 3989 εἰς
646 3931 706 3988 τοὺς
725 3929 849 3988 παλαιοὺς
869 3930 1001 3981 ἐπίστευον
1020 3931 1064 3982 καὶ
1084 3927 1176 3981 πολλοὶ
1194 3930 1223 3981 ἐκ
1242 3936 1295 3982 τῶν

185 4008 240 4064 ὅσοι
261 4011 301 4064 aa
319 4012 385 4083 ἦσαν
407 4007 496 4084 ὄχλος.
545 4013 661 4077 Legendi
680 4013 804 4077 imprimis
822 4011 877 4061 Leo
897 4011 1012 4061 Allatins
1038 4013 1107 4075 apud
1131 4011 1297 4076 Ducangium

183 4107 208 4144 v.
227 4091 393 4160 [iouladlaau
411 4093 506 4157 (scribe
526 4091 720 4162 βουλκόλακας;
747 4094 826 4156 vulgo
845 4089 1023 4162 βρουκόλακας
1041 4091 1082 4140 vel
1104 4089 1296 4162 βουρκόλακας)

185 4185 211 4236 p.
229 4169 281 4220 216
304 4179 330 4222 at
354 4174 448 4224 Franc.
472 4175 619 4225 Richardus
641 4174 712 4225 Saul.
739 4175 795 4225 Fid.
818 4169 935 4239 part'h.
959 4169 1049 4235 capa
1073 4169 1123 4230 §3
1146 4179 1172 4223 et
1195 4181 1262 4238 part.
1282 4173 1295 4224 1

185 4268 211 4317 p.
226 4249 278 4302 335
296 4266 327 4301 ac
348 4254 379 4302 de
398 4253 487 4306 Insula
507 4255 534 4306 S.
554 4255 642 4306 Ireues
658 4272 683 4322 p.
699 4253 758 4317 2⁸20,
777 4252 827 4304 28⁸2
841 4260 867 4302 et
879 4249 937 4304 398.
970 4252 1045 4301 Adde
1056 4252 1222 4320 Ducanglum
1240 4271 1261 4305 s.
1272 4271 1297 4304 v·

185 4337 339 4401 τομπανῖτοι
357 4348 382 4398 p.
403 4331 475 4387 1621.

1051 4427 1097 4484 3*
