3066 5102
594 403 741 498 *ιε-

313 586 398 667 κάγὼ
418 582 586 666 Ἐεπήδησ’,
609 584 652 648 ὡς
678 579 866 662 Ευναρπάσαι
885 575 999 652 θέλων,

315 690 433 776 λόχμην
453 691 598 766 κενώσας,
617 687 681 750 ἔνθ’
701 684 891 770 ἐκρυπτόμην
915 684 1020 767 δέμας.

109 805 161 860 ubi
188 799 306 882 λόχμην
334 798 470 865 κενώσας
500 800 579 856 valet
604 798 720 872 quidem
744 794 931 870 fruticetum
958 795 1144 870 relauqueua
1171 793 1223 850 sed

111 909 229 967 nativae
255 909 333 967 voois
356 908 491 984 potestati
512 904 715 963 convenienter
737 903 851 960 dicitur.

193 1016 276 1074 Idem
306 1015 433 1090 Symeon
461 1015 491 1070 in
520 1012 610 1070 allero
637 1012 765 1070 carmine
793 1010 863 1066 ibid.
885 1031 913 1086 p.
938 1012 996 1070 134
1018 1030 1062 1070 νε.
1087 1012 1127 1070 22
1148 1011 1222 1090 χρη·

111 1143 163 1180 σον
193 1121 311 1201 ἀγάπην
341 1118 479 1202 καθαρὰν
506 1119 582 1202 πρδς
611 1118 661 1178 τὸν
689 1115 761 1178 θεὸν
789 1115 839 1176 καὶ
866 1117 973 1178 πίστιν.
1022 1119 1157 1195 Apparet
1175 1115 1223 1173 hie

109 1231 224 1309 χρῆσον
248 1227 366 1309 ἀγάπην
395 1248 428 1288 eo
449 1248 538 1288 sensu
559 1225 638 1304 poni,
669 1245 726 1301 quo
748 1226 862 1305 χρῆσαι
883 1223 985 1305 ἀγάπη
1008 1247 1026 1284 a
1048 1225 1131 1284 bonis
1152 1223 1222 1282 sori·

109 1339 241 1410 ptoribus
261 1338 421 1396 adhibetur.
462 1337 547 1410 Quod
569 1355 606 1392 ne
628 1333 675 1392 oui
697 1333 818 1392 dubium
837 1332 971 1390 videatur
993 1330 1221 1409 opraeoedenti·

109 1445 165 1500 bus
185 1453 214 1500 et
233 1446 422 1518 sequentibus
440 1448 584 1522 quaedam
606 1442 733 1501 afferam.
773 1441 861 1499 Initio
883 1441 1020 1499 carminis
1043 1449 1128 1517 poete
1147 1439 1201 1497 ait:

250 1546 456 1648 ;.4ναλογίζου
483 1549 607 1631 ταπεινὴ
633 1548 715 1632 ψυχή
742 1567 799 1629 μου
820 1547 977 1609 παναθλία

263 1655 348 1738 βῆμα
369 1657 402 1716 τὸ
424 1655 671 1737 φρικωδέστατον
693 1653 822 1733 κρίσεως
842 1653 894 1734 τῆς
916 1656 1058 1737 μεγάλης.

262 1759 366 1842 Γομνὴ
387 1759 444 1843 γάμ
469 1760 590 1843 μέλλεις
611 1759 753 1822 ἵστασθαι
775 1759 826 1821 καὶ
846 1760 1105 1842 τετραχηλισμένη

262 1866 381 1928 διδόναι
404 1866 494 1950 λόγον
517 1868 591 1951 ὑπὲρ
617 1869 658 1928 ὧν
683 1866 854 1950 ἐπράξαμεν
879 1866 908 1928 ἐν
930 1866 997 1950 βίῳ,

259 1973 314 2034 εἴτ’
340 1974 475 2056 ἀγαθῶν,
499 1973 560 2036 εἴτε
579 1978 694 2053 κακῶν,
716 1974 829 2036 ἀδίκων
850 1974 869 2056 ἦ
894 1973 1028 2035 δικαίων.

107 2085 156 2140 Ita
168 2093 283 2142 servato
295 2084 456 2144 litterarum
467 2086 568 2143 ordino
581 2085 639 2160 (est
656 2086 734 2143 enim
748 2081 920 2166 ἀκμοσιιχὶς
940 2080 1009 2143 κατ’
1025 2081 1219 2166 ἀλφάβητον)

1 2193 3 2212 ’
106 2191 203 2266 pergit
223 2199 309 2268 poeta
333 2209 426 2264 usqua
448 2191 486 2247 ad
506 2190 644 2264 poematii
663 2193 765 2259 finem,
782 2191 834 2246 ubi
852 2192 976 2264 legitur:
1070 2193 1073 2199 ‘

191 2293 317 2376 Χμῆσον
339 2294 458 2376 ἀγάπην
485 2292 624 2377 καθαράν
646 2293 722 2375 πρὸς
741 2295 792 2355 τδν
812 2293 884 2354 θεδν
908 2292 959 2353 καὶ
979 2292 1087 2369 πίστιν,

194 2399 297 2482 Ψυχή,
320 2399 371 2462 καὶ
392 2402 443 2462 τδν
469 2401 596 2482 πλησίον
622 2424 677 2463 σου
703 2405 745 2468 ὡς
768 2400 878 2481 ἑαυτὴν
902 2399 1015 2482 ἀγάπα.

184 2503 243 2574 Ὣς
264 2505 299 2568 ἀν
324 2507 530 2590 ἀξιωθείημεν
551 2515 604 2592 τῆς
626 2508 690 2572 ἀνω
717 2509 881 2592 βασιλείας.

105 2620 228 2676 Possem
257 2617 365 2676 similia
395 2639 431 2675 ex
460 2619 526 2677 aliis
557 2621 746 2697 scriptoribus
768 2617 902 2692 adjicere,
931 2618 982 2675 sed
1000 2617 1159 2693 longiorem
1182 2621 1218 2677 de

105 2726 153 2782 his
175 2727 263 2782 rebus
284 2725 508 2801 disputationem
532 2727 562 2783 in
581 2727 661 2784 aliud
680 2736 795 2802 tempus
818 2725 927 2783 differo.

189 2834 229 2891 V.
251 2834 300 2892 35.
340 2828 486 2912 ἔστησαν]
506 2834 673 2906 emendavi;
695 2833 797 2892 Codex
811 2829 947 2912 ἔστησεν.
962 2867 1002 2877 -
1022 2831 1217 2914 κλεισούμας]

106 2943 233 2997 claustra
254 2941 406 3011 montium,
429 2940 525 2998 aditus
541 2951 692 3016 angustos.
734 2942 803 3000 Vid.
825 2941 960 3016 Ducang.
981 2961 1009 3017 p.
1032 2943 1103 3000 662.

191 3046 230 3102 V.
252 3047 302 3102 36.
346 3043 412 3103 ἐκεῖ
430 3043 543 3124 ’δασιν]
565 3048 584 3104 i.
606 3068 630 3105 ε.
652 3046 719 3108 ἐκεῖ
738 3045 830 3107 εἶδον.

191 3153 229 3229 V.
251 3153 301 3211 38.
344 3153 585 3234 προςκυνησοον]
605 3155 845 3237 προςκονήσωσι.

190 3262 229 3318 V.
253 3261 303 3318 44.
349 3258 538 3341 ύπεσχέθην]
563 3260 732 3343 ύπεσχέθη,
755 3260 916 3344 ὑπέσχετο.
961 3263 1030 3320 Vid.
1051 3264 1088 3320 ad
1110 3266 1216 3324 va88.

191 3368 231 3426 V.
255 3366 303 3424 45.
346 3369 410 3432 τοῖς
431 3365 618 3450 ἀλλοφύλοις
640 3366 752 3450 ἤρξατο
775 3367 910 3428 κελεύειν
934 3366 985 3428 καὶ
1004 3366 1218 3447 προςπάσσειν]

45 3525 48 3531 .
105 3474 273 3545 emendavi3
303 3473 404 3532 Codex
428 3474 563 3536 κελεύειν
595 3475 645 3535 καὶ
676 3475 840 3558 προςτάση.
893 3475 949 3534 Est
977 3484 1074 3534 autem
1102 3473 1214 3556 ἤρξατο

104 3579 239 3641 κελεύειν
262 3579 313 3640 καὶ
334 3582 530 3661 προςτάσσειν
553 3585 702 3660 antiquius
726 3585 839 3644 dicendi
860 3603 962 3660 genus,
984 3579 1067 3664 eujus
1088 3584 1150 3644 loeo
1170 3603 1217 3640 re-

105 3688 245 3746 centiores
268 3691 362 3748 dicere
382 3691 475 3748 solent
497 3688 606 3774 ἤρχισε
626 3689 662 3751 νά
686 3691 851 3772 προετάζη.

189 3797 228 3852 V.
251 3799 300 3856 46.
342 3795 586 3879 καβάλλαμίους]
610 3801 729 3876 scripsi3
752 3797 960 3880 καβαλαρίοος
981 3799 1090 3858 Codex.

187 3905 226 3961 V.
249 3905 298 3964 43.
338 3901 418 3963 ’δετε
438 3906 457 3963 i.
468 3927 492 3964 a.
515 3903 594 3966 ἰδετε
618 3907 732 3980 Codex;
760 3909 811 3966 sed
838 3918 961 3966 metrum
987 3906 1109 3982 requirit
1124 3900 1213 3981 ’δέπε,

102 4011 180 4086 quod
199 4013 325 4086 reposui.

187 4119 227 4173 V.
248 4119 298 4174 49.
339 4141 368 4178 κι
392 4116 442 4198 ἀν]
466 4120 587 4197 scripsi3
615 4119 666 4180 καὶ
693 4119 727 4181 ἀν
758 4123 868 4183 Codex.
887 4155 927 4166 -
967 4117 1129 4200 ἦναιάπδ]
1148 4141 1213 4196 pro·

101 4223 296 4282 nuntiandum
318 4201 447 4324 ἧνγῖἀπὸ
472 4229 518 4286 vel
540 4225 588 4307 ἦν’
613 4227 685 4301 ἀπδ,
713 4250 803 4304 quum
831 4239 986 4304 utrumque
1012 4204 1066 4306 per
1094 4230 1213 4305 linguae

101 4330 244 4404 metrique
264 4329 345 4405 leges
365 4331 457 4390 liceat.
