3066 5102
843 387 863 448 6

782 481 933 492 -—--·

301 567 354 624 τοῦ
374 561 512 649 Τούμκοο
532 569 609 645 ¹poni
637 573 764 644 oportet,
793 565 873 624 haud
898 584 981 625 seous
1004 571 1092 642 etque
1111 587 1139 644 p.
1159 568 1237 640 516,
1266 571 1303 628 13
1324 578 1352 627 et
1376 573 1411 631 18

301 692 354 747 pro
377 673 449 753 μετὸ
468 672 601 756 φοσάτον
623 683 653 733 et
679 671 769 754 μετὴν
793 671 920 754 ἀφεντία
943 693 1001 754 μοις
1020 674 1201 734 desideratur
1224 674 1262 756 μὲ
1284 675 1318 735 τὸ
1342 698 1412 758 'poo-

304 778 393 838 σάτον
421 790 451 840 et
474 779 512 862 μὲ
535 780 587 861 τὴν
615 777 748 864 ἀφεντίά
777 782 796 840 i.
814 801 840 840 e.
870 779 1029 842 uhilevu'ov
1052 803 1119 862 μας.
1172 781 1231 842 Sed
1255 785 1414 860 quaeriturv

301 905 359 962 quo
376 887 444 962 jure
462 891 510 948 hie
530 889 652 965 scriptor
668 907 799 966 pugnam
818 889 966 948 voraverit
984 887 1119 972 ἀμάχην,
1142 909 1233 966 quum
1254 902 1368 951 veteres
1388 904 1415 953 et

301 997 474 1055 recentiores
495 996 603 1073 Graeci
625 995 724 1077 μάχην
745 997 839 1055 disere
858 997 977 1055 soleant.
1026 997 1063 1056 Id
1090 998 1174 1056 facile
1199 1000 1255 1058 erit
1276 1002 1314 1058 ad
1335 1001 1411 1058 intel·

301 1101 451 1178 ligendum
468 1105 615 1182 reputanti
627 1105 800 1163 Taurunum
812 1100 1040 1182 (Λευκόπσλιν),
1062 1107 1140 1180 quod
1160 1107 1299 1184 oppidum
1311 1109 1414 1168 Graeci

302 1210 392 1286 vulgo
414 1207 638 1293 Βελλεγράδιον
667 1211 716 1270 vel
742 1211 776 1272 τὸ
797 1206 989 1291 Μπελιγράδι
1014 1206 1241 1293 (Μπελιγγμάδ)
1268 1217 1414 1276 nominare

303 1327 523 1390 consueverunt,
543 1337 562 1376 a
578 1316 810 1395 chronographo
828 1339 856 1395 p.
869 1319 931 1378 524
945 1318 990 1376 ed.
1001 1319 1126 1378 Bekker.
1148 1317 1416 1404 τὸἈμπελογμάὸι

303 1423 453 1499 appellari,
475 1427 560 1501 quasi
571 1445 676 1486 nomen
686 1429 724 1484 ab
737 1421 874 1505 ἄμπελος
888 1444 958 1484 vooe
967 1428 1157 1504 repetendum
1170 1429 1217 1487 sit.
1237 1431 1324 1489 Adde
1339 1431 1415 1507 quod

303 1531 433 1608 Nauplia
453 1535 532 1606 urbs,
551 1533 634 1609 eujus
653 1533 793 1592 usitatum
812 1551 917 1591 nomen
936 1543 980 1592 est
1003 1534 1036 1594 τὸ
1051 1531 1207 1595 Ναύπλιον
1221 1538 1269 1595 vel
1283 1533 1415 1612 Ναύπλι,

303 1641 340 1696 ab
359 1639 413 1697 hoo
435 1657 494 1698 uno
515 1640 653 1716 seriptore
670 1661 699 1718 p.
714 1641 774 1700 516
796 1649 917 1700 vocetur
931 1637 1091 1702 Ἀναύπλι.
1124 1641 1191 1716 Qua
1208 1645 1244 1701 de
1258 1631 1294 1704 re*
1312 1666 1417 1723 operae

303 1745 428 1821 pretium
450 1755 494 1804 est
520 1747 621 1806 audire
642 1746 766 1807 Coraem
788 1745 1039 1824 qui’llruar.11.
1059 1751 1114 1826 μ.1
1149 1749 1182 1810 τὸ
1208 1771 1226 1810 α
1253 1753 1415 1833 στοιχεῖον,
1471 1759 1479 1766 ”

231 1899 236 1909 ι
303 1853 413 1928 inquit,
446 1853 609 1922 πλεονάζει
641 1851 702 1914 κατ’
738 1853 835 1938 ἀρχάς
864 1860 923 1915 τῶν
957 1853 1088 1928 λέξεων,
1122 1855 1204 1925 οἷον,
1231 1856 1415 1934 Ἀπήγανος,

300 1956 504 2042 Ἀμασχάλη,
536 1959 747 2043 Ἀσφενδόνη,
784 1960 976 2041 πλεονασμὸν
1005 1955 1241 2039 σογχιινμημένον
1271 1959 1314 2025 εἰς
1344 1959 1415 2026 τοὺς

252 2065 255 2070 “
303 2066 444 2145 ποιητάς,
475 2065 578 2131 ὁσάκις
607 2068 640 2128 τὸ
666 2067 793 2149 ,ἀπαιτεῖ
819 2070 852 2130 τὸ
883 2065 990 2148 μέτρον
1012 2067 1072 2124 τῶν
1096 2064 1276 2146 συλλαβῶν,
1307 2065 1371 2126 οἷον
1397 2067 1414 2127 ὀ

306 2172 525 2255 στιχοοργήσας
545 2173 610 2254 (δὲν
635 2172 828 2258 ἐνθυμοῦμαι
847 2173 916 2254 τίς),

605 2281 681 2344 δέδει
700 2303 751 2343 τον
772 2282 889 2362 πληγὴν
914 2268 1047 2358 μεγάλην

604 2388 683 2470 μέσα
705 2387 748 2452 εἰς
767 2385 819 2466 τὴν
842 2383 1038 2466 άμασχάλην,

304 2497 452 2578 φανερὸν,
483 2495 528 2557 ὅτι
550 2495 719 2558 ἐπλεόνασε
741 2494 774 2556 τὸ
800 2500 839 2566 οῖ,
870 2487 970 2550 διὰτὸ
995 2485 1114 2568 μέτρον.
1169 2489 1250 2548 Ἀλλ’
1274 2491 1327 2550 ἐὰν
1351 2493 1416 2552 ἀντὶ

302 2607 355 2663 τοῦ
379 2600 459 2684 μέσα
484 2603 727 2688 ἐμεταχειρίζετο
757 2603 790 2663 τὸ
819 2597 976 2678 πάραυτα,
1004 2593 1023 2672 ἢ
1051 2591 1128 2654 ἄλλο
1153 2615 1180 2654 τι
1199 2595 1414 2681 τρισύλλαβον,

304 2708 361 2770 τότ’
389 2709 516 2773 ἐδύνατο
542 2711 579 2772 νολ
601 2709 671 2791 εἴπῃ
692 2707 788 2790 χωρὶς
804 2699 1009 2780 πλεονασμὸν,

603 2819 743 2900 πάραυτα
767 2811 810 2877 εἰς
830 2809 882 2888 τὴν
907 2806 1079 2888 μασχάλην·

386 2925 466 2988 Hine
486 2929 609 2988 efficitur
630 2920 892 2996 chronographum
922 2917 952 2974 id
982 2917 1059 2990 quod
1080 2915 1149 2974 solis
1168 2917 1262 2990 poetis
1279 2919 1364 2980 liceat
1381 2923 1415 2981 in

302 3057 390 3112 prosa
423 3038 551 3098 oratione
579 3050 720 3109 usurpare
745 3045 804 3084 non
827 3031 981 3100 gravatum
1008 3023 1038 3080 in
1066 3023 1200 3098 pessimis
1224 3027 1415 3103 soriptoribus

202 3121 204 3125 Ι
304 3147 514 3204 numerandum
531 3161 603 3202 esse.
636 3140 711 3199 Sunt
729 3152 798 3192 vero
816 3139 845 3187 et
861 3129 920 3187 elia
940 3129 970 3186 in
990 3130 1045 3190 hoe
1067 3129 1211 3191 Chronico
1230 3136 1334 3209 poetici
1354 3156 1415 3195 ser-

303 3254 397 3312 monis
418 3251 550 3326 vestigie.
595 3247 700 3322 Neque
719 3242 796 3300 enim
818 3239 926 3314 ubique
951 3233 1010 3298 ἀπὸ
1033 3237 1117 3309 dicit,
1144 3238 1195 3294 sed
1217 3257 1304 3317 saepe
1326 3243 1414 3302 etiam

302 3362 413 3436 po'e'tioo
433 3358 573 3419 vocabulo
596 3351 670 3414 άπαὶ
689 3349 788 3408 utitur.
836 3346 920 3405 Telis
949 3354 994 3404 est
1019 3346 1101 3404 locus
1132 3365 1218 3421 quem
1240 3348 1415 3426 Ducangius

302 3488 331 3545 p.
349 3468 410 3526 909
434 3486 457 3524 s.
479 3484 507 3522 v.
531 3455 666 3542 μεμτικὸν
685 3457 716 3513 in
734 3457 812 3512 huno
830 3456 947 3514 modum
966 3452 1062 3512 affert:
1081 3452 1264 3527 „Chronioon
1286 3457 1415 3516 Veneto·

303 3574 497 3650 Byzantinum
508 3587 555 3626 an.
570 3564 659 3627 1511.
680 3560 835 3642 ἐχάλασαν
857 3563 985 3622 πλεῖστα
1009 3559 1145 3621 ὁσπείτια
1168 3560 1228 3622 ἀπό
1242 3583 1274 3622 τε
1285 3562 1417 3646 κάστμος

303 3679 336 3738 πὸ
362 3676 446 3753 ἄνω,
477 3673 527 3735 καὶ
554 3669 690 3752 μεμτικὸν
720 3667 780 3731 άπὲ
806 3670 839 3730 τὸ
867 3665 986 3730 κάτον.”
1039 3669 1150 3730 Eadem
1180 3674 1269 3730 verba
1296 3682 1416 3731 exstant

239 3837 245 3848 ,
303 3787 380 3861 apud
394 3783 560 3842 Bekkerum
579 3798 608 3854 p.
622 3778 695 3849 523,
712 3777 763 3852 qui
784 3786 881 3836 tamen
904 3771 1042 3854 μέμτινον
1064 3779 1174 3854 scribit,
1195 3799 1286 3854 quum
1309 3779 1414 3838 ultima

303 3890 390 3947 huius
410 3886 489 3946 vocis
503 3876 626 3961 syllaba
646 3904 759 3961 semper
780 3892 909 3943 eruatur.
962 3883 1007 3941 De
1033 3886 1146 3961 reliquo
1175 3905 1233 3942 non
1263 3891 1307 3941 est
1333 3887 1411 3960 quod

303 4012 444 4066 moneam,
463 3992 572 4067 ubique
594 3990 653 4052 ἀπὲ
674 3993 704 4051 in
723 3991 932 4052 hoeChronioo
944 3992 1167 4049 convertendum
1190 4007 1254 4047 esse
1272 3990 1303 4047 in
1324 3988 1412 4067 άποά,

302 4099 379 4175 quod
391 4097 691 4160 Bekkerusssutlialdi
703 4098 834 4174 vestigiis
855 4100 1005 4176 ingressus
1023 4099 1116 4156 faeere
1135 4096 1272 4172 neglexit.
1305 4097 1411 4160 Ortum

302 4213 398 4262 autem
419 4206 555 4268 mendum
577 4229 614 4268 ex
635 4209 781 4268 Iteoism0.
818 4208 896 4268 Licet
917 4227 987 4266 vero
1008 4205 1041 4266 τὸ
1064 4202 1191 4284 νάστμον
1215 4205 1350 4264 solemnis
1372 4209 1413 4268 sit

300 4312 401 4382 forme,
422 4313 539 4374 minime
559 4324 655 4375 temen
674 4313 802 4396 κάστμος
825 4312 995 4392 conjecturis
1020 4312 1194 4383 vexandum,
1213 4313 1411 4386 quamplura-
