3066 5102
819 367 860 432 58

280 541 384 625 τρέφω
405 557 434 604 et
456 547 553 630 τροφή
574 549 708 626 vulgaris
727 567 822 608 sermo
841 567 900 608 non
922 547 1043 626 respuit.
1077 545 1175 626 Quum
1196 563 1291 611 entem
1316 551 1394 612 Gruss

281 653 381 711 uenus
402 654 543 714 Demetrii
565 658 638 719 Zoni
663 666 762 716 textus
790 657 952 732 promiscue
972 653 1075 740 δραφή
1098 677 1143 717 vs.
1162 657 1203 719 60
1225 668 1254 718 et
1278 660 1339 718 100
1363 671 1394 718 et

280 759 379 841 τροφή
399 781 443 820 vs.
462 765 501 824 52
535 767 681 841 praebeat,
709 765 740 822 in
770 759 864 844 hujus
885 773 962 822 corte
979 774 1080 841 poetae
1104 767 1241 840 armine,
1261 769 1312 844 qui
1333 789 1395 828 non

280 865 390 950 δρέρω
412 871 463 930 sed
486 867 590 953 τρέφω
612 873 707 932 dicere
735 872 817 944 solet,
839 871 949 946 ubique
968 870 1066 954 τροφή
1088 870 1300 934 restituendum
1319 878 1393 936 mihi

281 975 443 1036 videbatur.
486 977 546 1037 Sed
569 978 643 1038 iilud
662 980 699 1050 de
719 997 777 1055 quo
799 979 847 1037 hic
870 978 969 1054 egitur
987 975 1232 1062 ἀναθρέφουνται
1245 984 1320 1042 nihil
1339 986 1391 1042 he·

281 1084 330 1141 bet
350 1083 489 1159 insolens,
518 1105 608 1161 quum
630 1106 689 1146 non
715 1086 808 1145 solum
831 1086 939 1161 vulgus
960 1095 1083 1162 usurpet
1103 1087 1301 1170 γράφαυνται,
1320 1089 1392 1173 ’βρί-

283 1209 431 1265 αιιοιινται,
454 1187 613 1270 λέγαυνται
633 1193 689 1252 ie.
703 1191 889 1275 γράφονται,
911 1187 1110 1273 εὑρίσκονται,
1133 1191 1270 1274 λέγονται
1278 1198 1319 1274 1),
1339 1200 1393 1257 sed

280 1297 344 1374 ipse
370 1304 456 1374 potita
473 1299 550 1358 infra
572 1301 659 1359 etiem
678 1319 722 1359 vs.
743 1299 805 1360 798
827 1294 1002 1360 ατόιιαυνται
1021 1302 1128 1362 scribet
1147 1323 1202 1378 pro
1226 1300 1393 1366 ατέιιανται.

335 1457 337 1464 ,
365 1405 405 1464 V.
428 1405 499 1465 117.
544 1404 594 1467 διὰ
620 1408 653 1469 ‘ri
677 1404 752 1489 ἧταν
779 1401 905 1485 ἀνθίμια
926 1405 981 1466 cori
1008 1406 1158 1488 δροστροό
1186 1407 1306 1490 κρίνου]
1345 1413 1397 1470 Ite

281 1512 419 1573 librarius
446 1514 685 1574 vindobonensis
711 1513 890 1572 claudicante
919 1522 1011 1572 metro
1037 1516 1226 1591 neglectoque
1249 1518 1390 1578 sententio

265 1621 359 1679 ‘hunc
380 1639 498 1680 versum
517 1622 659 1680 exerevit.
694 1619 795 1681 Scribe
814 1616 892 1680 διότι
910 1619 985 1702 ἤταν
1008 1616 1085 1696 ἀνδὴ
1110 1617 1164 1700 proi
1186 1622 1286 1700 [metri
1305 1643 1395 1684 censo

281 1746 334 1805 pro
358 1722 436 1808 ἄνθη
461 1725 530 1808 μία]
541 1731 594 1788 τοῦ
618 1727 768 1811 δροσεροῦ
789 1699 978 1810 τοόψιιρίνοιι.
1014 1729 1144 1799 Puerum
1165 1730 1242 1788 enim
1262 1740 1291 1788 et
1311 1732 1391 1807 puel·

281 1837 341 1894 lem
362 1837 462 1895 ιαἰιιιιι
482 1835 589 1915 fuisse
602 1839 719 1920 florem
739 1840 809 1900 dicit
833 1839 897 1899 tut
916 1836 1078 1896 rorulenti.
1120 1838 1201 1895 Raro
1221 1847 1317 1898 eutem
1339 1841 1392 1897 hu·

277 1944 407 2021 jusmodi
425 1944 579 2020 scriptores
597 1945 736 2004 feminino
755 1943 836 2026 ἄνδρ’
854 1965 908 2022 pro
930 1952 1032 2002 neutro
1053 1939 1146 2009 ἄνθος
1163 1953 1294 2004 utuntur.
1331 1947 1394 2006 Pro

283 2049 360 2112 διότι
381 2059 467 2108 erunt
485 2051 608 2108 fortasse
627 2053 678 2126 qui
700 2052 800 2110 codem
820 2071 908 2110 sensu
925 2049 1126 2130 γιατ1[διατ1]
1144 2053 1269 2112 scribere
1281 2053 1399 2113 malint..

282 2160 351 2220 vid.
373 2159 411 2216 ed
432 2157 517 2215 Dem.
538 2158 608 2216 Zeu.
634 2159 714 2218 Diel.
735 2179 765 2218 v.
788 2161 807 2219 7
830 2144 859 2218 et
880 2155 1028 2218 Vincentii
1046 2157 1169 2218 Oorneri
1189 2162 1281 2221 locum
1301 2179 1393 2237 supra

283 2287 353 2344 pag.
371 2267 408 2326 41
433 2266 584 2326 laudatum
605 2264 683 2326 διατὶ
706 2263 796 2335 ἄλλοι
820 2266 870 2328 δὲν
894 2263 1012 2326 ἐλείπα.
1098 2265 1105 2280 “

366 2376 406 2434 V.
431 2372 500 2432 160.
542 2371 593 2430 καὶ
613 2371 751 2455 εὐτυχεῖς
778 2374 822 2439 εἰς
850 2372 902 2438 τὰς
925 2369 1054 2454 βουλάς,
1079 2371 1194 2450 μᾶλλον
1217 2371 1283 2434 ator
1309 2375 1391 2456 βασι-

284 2477 429 2557 λεόαουν]
449 2481 509 2554 leg.
529 2498 559 2536 κι
579 2473 614 2536 ἂν
636 2480 655 2536 i.
676 2499 702 2538 e.
718 2478 769 2538 καὶ
790 2476 825 2539 ἂν
849 2478 1061 2561 βασιλεύσαιιν.

366 2588 406 2646 V.
426 2588 497 2646 261.
541 2559 632 2666 εόρην
651 2584 704 2666 τὴν
723 2583 838 2665 θέλεις]
858 2589 916 2664 leg.
936 2585 1034 2668 εὑρεῖν
1056 2583 1108 2664 τὴν
1129 2582 1239 2652 θέλεις.

368 2696 407 2754 V.
430 2696 502 2755 277.
546 2688 623 2773 ἔπαρ
645 2691 678 2752 τδ
703 2692 869 2774 δακτυλίδι]
889 2697 947 2771 leg.
973 2689 1065 2773 ἕταρ’
1087 2692 1107 2750 i.
1132 2713 1157 2750 e.
1175 2689 1279 2774 ἔπαρε.

349 2802 406 2875 .V·
426 2801 498 2861 283.
539 2797 657 2880 πέρναι]
677 2801 737 2876 leg.
756 2799 886 2881 παόρναι,
906 2801 984 2877 qnod
1005 2808 1100 2859 ortum
1119 2807 1162 2860 e'st
1183 2820 1220 2859 ex
1242 2801 1372 2882 ἀπαίρω.

295 2961 299 2968 .
368 2908 408 2967 V.
427 2909 499 2969 325.
542 2908 695 2988 τρυφῆσαι
725 2902 789 2989 ἔχω
823 2907 898 2987 μετὰ
925 2906 960 2967 σὲ
988 2906 1039 2967 καὶ
1193 2951 1202 2968 .
1226 2951 1234 2967 .
1261 2907 1387 2988 διαίρειν]

283 3018 363 3077 haud
387 3017 446 3075 scio
464 3035 502 3077 on
519 3017 625 3074 lacuna
644 3016 743 3074 addito
767 3015 893 3096 φιλικῶς
919 3015 1057 3075 adverbio
1077 3018 1225 3093 explendo.
1240 3018 1286 3076 sit.

368 3124 408 3182 V.
426 3124 497 3181 400.
542 3117 735 3200 ἐστέιιετανὴ
759 3119 877 3204 ἐλεεινὴ
900 3123 1001 3184 tinore
1022 3119 1071 3182 δὲν
1090 3121 1247 3204 κατέχων]
1270 3126 1321 3185 nbi
1340 3145 1391 3183 no-

284 3231 405 3290 tendum
427 3226 566 3311 κατέχων
584 3229 654 3305 poni
673 3203 883 3288 looo⁹feminini
901 3228 1076 3312 κατέχουσα
1094 3233 1148 3290 hoc
1167 3251 1272 3290 sensu:
1290 3229 1394 3292 stabat

285 3339 397 3397 mima
413 3335 523 3416 poeta
543 3337 663 3399 nultius
684 3337 817 3416 [culpae]
837 3334 897 3398 sibi
915 3340 1045 3400 ααιιιαια.
1086 3340 1233 3399 Nimirum
1252 3337 1390 3421 κατέχειν

286 3445 364 3520 apud
386 3445 559 3503 recentiores
582 3444 711 3504 Graecos
731 3445 875 3504 interdum
897 3447 975 3505 velet
994 3447 1080 3504 scire.
1104 3449 1173 3506 Vid.
1193 3446 1261 3506 Gor.
1274 3443 1339 3507 Ἀτ.
1359 3447 1392 3504 Π

288 3551 352 3612 αἐλ.
378 3552 447 3622 186.

370 3659 411 3718 V.
432 3658 516 3718 868.ι
546 3652 646 3722 πόδας
664 3676 715 3716 τον
740 3658 915 3740 χιανάτιιυς]
943 3661 1001 3736 leg.
1020 3654 1120 3728 πόδας
1142 3675 1201 3720 των
1221 3655 1393 3739 promimur.

372 3767 411 3825 V.
434 3765 523 3826 1056.
568 3762 618 3825 διὰ
641 3761 817 3847 ἐπιβουλόαν
843 3762 946 3825 ἄδικον
971 3765 1009 3847 μὲ
1027 3765 1077 3828 τὸν
1100 3764 1315 3848 ἐπιτραπέζης]
1335 3766 1392 3842 leg.

290 3869 328 3935 δι’
351 3869 527 3954 ἐπιβουλόαν
556 3868 659 3932 ἄδικον
692 3871 729 3952 μὲ
757 3870 807 3932 τδν
835 3870 884 3934 ἐπὶ
904 3871 1064 3954 τραπέζης.
1099 3877 1162 3935 -Est
1182 3881 1280 3930 entem
1304 3869 1321 3930 ό
1345 3870 1394 3932 ἐπὶ

288 3954 440 4064 τραῖτόζης
460 3980 570 4056 (neque
588 3979 666 4036 enim
683 3979 813 4054 umquem
826 3979 999 4054 conjunctim
1015 3983 1150 4042 scribitur
1170 3973 1394 4058 ἰπιτρατέζης),

289 4099 323 4150 ut
342 4098 419 4149 recte
438 4086 556 4162 exponit
577 4085 748 4160 Ducangius
766 4104 834 4162 pag.
858 4088 950 4162 1598,
971 4088 1138 4147 Praefectus
1155 4103 1277 4145 mensae
1297 4085 1393 4163 Impe-

289 4234 490 4252 Μ

293 4342 297 4351 ·
336 4327 386 4391 J)
405 4323 446 4375 cf.
464 4322 559 4372 David.
576 4319 640 4391 Παρ.
660 4299 712 4372 σεδ.
731 4323 771 4375 18.
