3066 5102
765 423 917 514 *aa*

288 611 409 677 santra,
436 605 474 664 de
501 605 602 664 Florio
628 610 656 662 et
686 601 888 677 Plataiaflora,
918 603 987 662 hinc
1011 603 1154 663 mirabilis
1182 606 1219 663 de
1245 607 1343 666 Iberio
1372 617 1403 666 et

288 713 466 789 Margarone
499 712 642 785 narratio,
669 712 737 770 hinc
766 713 882 770 fabulae
908 711 1041 770 Milesiae
1070 713 1107 771 de
1134 713 1278 774 Baliserio
1306 733 1340 773 ae
1366 715 1403 772 de

288 821 461 880 Alexandro
480 823 603 896 Magno,
624 821 692 879 hinc
713 820 861 878 simillima
883 820 1008 877 Milesiis
1034 821 1141 879 fabulis
1161 825 1311 898 tragoedia
1329 825 1402 882 Ero-

289 929 378 1005 phile,
405 929 473 986 hinc
503 928 635 986 Boccacii
657 929 782 988 Theseis
810 928 841 984 in
863 925 1016 1003 vulgarem
1039 928 1219 989 Graecorum
1241 951 1402 991 sermonem

290 1037 441 1108 translata,
458 1036 526 1094 hinc
542 1042 644 1112 podma
666 1036 702 1092 de
718 1037 816 1111 Vulpe
841 1043 870 1092 et
889 1036 973 1111 Lupo
995 1055 1014 1093 a
1036 1037 1158 1096 Graecis
1179 1040 1307 1096 Renardi
1326 1037 1402 1098 Vul-

290 1145 336 1219 pis
354 1144 520 1220 exemplum
540 1142 652 1200 intuitis
668 1143 808 1201 imitando
830 1161 1010 1218 expressum,
1028 1143 1097 1203 hinc
1114 1153 1216 1222 poema
1234 1147 1270 1203 de
1289 1145 1400 1222 nuptiis

290 1251 399 1310 Thesei
427 1259 457 1309 et
483 1247 629 1308 Aemiliae
653 1271 669 1308 e
689 1249 839 1309 duodecim
861 1249 943 1308 libris
966 1260 1112 1326 constans,
1137 1255 1166 1312 in
1195 1255 1301 1330 quibus
1320 1261 1404 1330 poete

289 1357 461 1420 Boccacium
488 1357 628 1431 imitetur,
654 1359 722 1417 hinc
749 1368 783 1416 ut
809 1359 867 1415 alia
893 1366 1082 1434 praeteream,
1112 1380 1235 1435 quornm
1257 1359 1307 1419 hlc
1324 1361 1403 1420 locus

289 1488 348 1527 non
366 1463 444 1542 capit
462 1467 670 1538 recensionem,
697 1464 847 1539 egregiam
868 1465 1018 1523 Vincentii
1038 1467 1160 1526 Cornari
1179 1475 1283 1544 poema
1301 1469 1401 1528 Eroto-

291 1575 356 1632 criti
374 1571 490 1631 nomine
512 1571 693 1647 inscriptum,
714 1571 791 1648 quod
811 1571 867 1629 etsi
886 1572 1072 1647 antiquorum
1091 1577 1228 1650 operibus
1248 1597 1330 1636 nemo
1348 1596 1401 1633 un·

291 1701 378 1758 qnam
399 1678 542 1738 anteferre
563 1697 652 1738 eusns
676 1688 729 1751 cst,
753 1688 864 1760 tamen¹
880 1687 923 1736 tot
953 1680 1110 1741 virtutibus
1132 1686 1262 1757 excellit,
1289 1694 1322 1742 ut
1344 1705 1402 1742 non

291 1789 367 1848 alius
390 1789 467 1847 inter
485 1789 658 1846 recentiores
681 1785 813 1849 Graecos
835 1785 967 1862 sagacior
989 1787 1156 1849 intimorum
1178 1793 1267 1851 animi
1284 1789 1404 1850 humani

291 1915 457 1955 recessuum
483 1896 647 1971 indagator,
672 1894 816 1953 sollertior
835 1913 933 1951 rerum
953 1903 1101 1970 gestarum
1119 1904 1260 1966 narrator,
1284 1899 1402 1955 suavior

292 2002 416 2081 denique
438 2012 467 2062 et
485 2002 604 2079 gravior
618 2007 704 2078 potita
724 2001 894 2077 reperiatur.
936 2001 1071 2062 Servavit
1089 2000 1165 2058 enim
1184 2019 1277 2059 sermo
1297 2003 1400 2078 vulga·
1456 2042 1469 2062 .

291 2112 343 2184 ris,
361 2120 516 2186 antequam
543 2111 581 2168 ad
608 2111 680 2167 haec
704 2117 834 2184 tempora
863 2120 982 2168 ventum
1009 2117 1063 2182 est,
1085 2109 1191 2182 quibus
1222 2107 1402 2168 Graecorum

291 2238 339 2276 res
361 2227 390 2277 et
407 2219 524 2295 publica
544 2227 573 2275 et
598 2218 738 2276 litteraria
764 2218 924 2290 revirescit,
943 2215 991 2276 vel
1019 2217 1050 2273 in
1072 2217 1168 2274 media
1186 2217 1318 2275 barbarie
1339 2217 1404 2274 dul·

292 2324 421 2384 cedinem
447 2327 606 2400 quandam,
635 2342 723 2399 qnam
749 2343 816 2384 raro
843 2325 934 2384 nostri
966 2324 1098 2381 homines
1125 2325 1193 2383 solis
1221 2325 1405 2400 antiquorum

291 2433 374 2492 libris
402 2432 634 2516 impallescentes
655 2434 703 2490 vel
728 2440 872 2492 noverunt
897 2433 946 2489 vel
975 2432 1046 2490 eatis
1067 2431 1196 2507 dignam,
1225 2433 1255 2489 in
1278 2453 1337 2506 qua
1354 2453 1405 2492 no-

293 2541 399 2600 scenda
420 2539 570 2598 hominnm
594 2539 752 2600 liberaliter
772 2541 949 2599 eruditorum
971 2538 1090 2614 ingenia
1110 2549 1273 2611 versentur,
1305 2539 1405 2597 existi·

244 2706 246 2712 ,
293 2656 383 2706 mant.
425 2648 617 2722 Nequevero
638 2650 746 2709 aeolis
769 2649 854 2706 Italis
876 2655 905 2704 et
928 2645 1025 2705 Gallis
1050 2647 1210 2704 carminum
1234 2656 1407 2725 argumenta

293 2755 432 2832 petivere,
457 2757 509 2812 sed
536 2758 573 2814 ab
602 2758 752 2816 Arabibus
787 2756 874 2812 etiam
905 2755 1028 2828 aliisque
1056 2751 1192 2828 gentibus
1217 2755 1406 2812 orientalibus

294 2862 387 2920 multa
410 2863 535 2920 mutuati
562 2873 638 2922 sunt.
685 2864 750 2938 Quo
774 2862 883 2920 factum
909 2868 962 2934 cet,
990 2869 1023 2918 ut
1050 2859 1177 2918 Michael
1196 2860 1403 2935 Andreopulus

297 2969 436 3051 Syutipae
462 2969 570 3028 Persae
600 2969 791 3046 cognoscendi
818 2969 932 3051 copiam
961 2968 1062 3044 quinto
1083 2968 1193 3026 decimo
1213 2969 1273 3026 fere
1292 2967 1402 3026 saeculo

296 3078 418 3138 Graecis
447 3077 602 3136 lectoribus
633 3077 724 3132 daret.
776 3077 845 3135 Huc
870 3077 944 3134 adde
975 3076 1103 3134 fabulam
1125 3075 1250 3135 indicam
1272 3073 1309 3135 τὰ
1329 3070 1404 3133 κατὰ

296 3182 480 3266 Στεφανίτην
502 3181 553 3242 καὶ
572 3177 750 3262 Ἰχνηλάτην
771 3185 923 3242 undecimo
940 3185 1002 3260 jam
1019 3185 1134 3243 saeculo
1155 3203 1192 3240 ex
1214 3183 1330 3241 arabica
1351 3179 1406 3238 lin-

297 3311 356 3370 gua
377 3309 480 3368 graece
500 3291 643 3348 redditam
662 3309 681 3348 a
703 3289 838 3350 Simeone
859 3289 958 3365 Setho,
985 3291 1129 3352 Johannis
1151 3286 1256 3346 Sabaei
1277 3288 1329 3368 τὴν
1352 3289 1406 3368 ψυ-

296 3399 426 3482 χωφελῆ
464 3395 594 3477 ἱστορίαν
630 3395 660 3456 ἐν
696 3391 718 3478 ᾗ
755 3399 770 3458 ὁ
805 3398 869 3480 βίος
902 3394 1057 3478 Βαρλαὰμ
1085 3391 1136 3451 καὶ
1162 3390 1300 3476 Ἰωασὰφ
1327 3395 1407 3471 apud

295 3504 518 3566 Boissonadinm
542 3504 656 3563 Anecd.
682 3505 820 3564 V01.1V
844 3508 960 3578 aliaque
988 3510 1175 3560 monumenta
1196 3522 1270 3578 qnae
1291 3503 1410 3560 abunde

297 3615 453 3674 ostendunt
478 3613 530 3670 illa
552 3621 646 3670 aetate
666 3613 856 3671 barbarorum
882 3609 967 3665 etiam
996 3607 1086 3668 libros
1112 3608 1234 3668 Graecis
1254 3606 1408 3684 placuisse.

298 3711 381 3797 Quae
401 3741 492 3798 quum
511 3721 552 3778 ite
573 3739 605 3778 se
628 3720 764 3786 habeant,
784 3733 993 3789 nonnunquam
1015 3717 1128 3776 difficile
1150 3723 1195 3776 est
1214 3723 1348 3787 statuere,
1370 3735 1410 3774 ex

298 3849 356 3904 quo
374 3829 453 3888 fonte
473 3827 589 3887 fabulae
605 3821 740 3882 Milesiae
758 3829 787 3879 et
806 3821 935 3881 carmina
954 3825 1049 3885 medio
1070 3844 1142 3885 aevo
1164 3823 1279 3898 scripta,
1293 3821 1325 3878 in
1344 3823 1408 3896 qui-

297 3968 498 3980 —.-.-—-

298 4047 359 4103 ὅταν
379 4050 446 4102 πίνω
465 4045 495 4098 τὸ
513 4044 624 4115 κρασάκι
657 4042 681 4100 ’ς
699 4041 728 4093 rb
747 4040 829 4114 χρυσό
844 4062 895 4112 μου
915 4049 1042 4119 ποτηράκι
1067 4047 1105 4112 [ἐν
1124 4047 1161 4112 τῷ
1182 4047 1271 4114 χρυσῷ
1293 4059 1343 4111 μου
1361 4060 1407 4096 πο.

296 4131 400 4202 nuptm}
437 4129 513 4178 Adde
524 4126 666 4176 Ionismnm
683 4122 773 4194 σιδηρὴ
794 4131 824 4174 at
843 4127 871 4176 in
888 4127 977 4198 πιπρή,
994 4127 1073 4196 μικρὴ
1091 4133 1117 4176 et
1136 4124 1281 4195 κατάσπρη,
1299 4127 1331 4176 de
1350 4126 1408 4188 qni-

294 4213 343 4263 bus
361 4210 416 4260 dixi
434 4209 468 4257 ad
482 4207 598 4257 Demetr.
615 4206 678 4256 Zon.
695 4201 771 4254 ate.
803 4206 923 4272 Denique
940 4210 968 4258 in
989 4205 1180 4278 συνεπάσχησες
1197 4207 1265 4256 idem
1282 4207 1410 4270 conspici·

295 4300 339 4342 tnr
357 4287 532 4338 barbarismus
557 4288 588 4336 de
613 4301 664 4350 quo
686 4287 719 4335 ad
737 4286 799 4336 Zeu.
820 4303 857 4338 rs.
881 4285 930 4338 196
956 4283 1011 4336 ὅλοι
1037 4303 1070 4352 με
1096 4285 1293 4356 supereffluere
1311 4284 1335 4342 ’ς
1358 4285 1408 4356 τὴν

295 4367 379 4436 λύπην
393 4364 440 4436 τὴν
461 4363 533 4436 brata
553 4383 604 4434 μου
624 4368 726 4420 locutus
743 4383 808 4420 sum.
