3066 5102
741 309 890 401 *τε*

263 505 330 546 meu
352 489 498 548 habuisse.
544 488 690 556 Videntur
709 495 806 546 antem
828 481 906 546 οἶκοι
927 487 977 545 isti
998 505 1206 566 nonnunquam
1227 494 1314 552 etiam
1335 517 1373 554 ex

263 602 399 669 quattuor
427 595 638 657 Anacreonteis
664 595 814 671 compositi
839 594 938 653 inisse.
990 595 1074 654 Elias
1103 601 1259 659 monachus
1280 621 1310 678 p.
1332 603 1373 664 80

263 701 435 777 (correctum
458 705 535 762 enim
556 705 645 781 dabo)
667 704 721 762 τοῦ
738 697 988 782 Ἀνακρεοντεέοο
1014 701 1042 760 oi
1065 699 1144 762 οἶκοι
1163 704 1256 786 (quod
1277 719 1320 769 est
1342 711 1372 768 in

263 809 324 866 cod.
347 811 426 869 Med.
447 809 475 868 ol
500 806 717 891 Ἀνακρέοντος
746 829 806 868 non
828 809 977 866 damnem:
998 805 1150 868 familiaris
1178 814 1237 872 ista
1259 817 1372 876 videtur

262 917 417 991 appellatio
439 916 543 994 fnisse)
574 913 767 997 ἐπιδέχονται
790 914 844 996 μὲν
868 914 1051 975 ἀνάπαιστον
1080 914 1130 975 καὶ
1160 917 1213 979 δύο
1245 920 1372 1002 ἰάμβους

263 1019 312 1082 καὶ
336 1019 405 1102 μίαν
426 1022 564 1104 περιττὴν
586 1019 752 1104 συλλαβήν,
780 1021 856 1100 οἷον,

463 1176 523 1237 ἀπὸ
546 1178 600 1236 τοῦ
623 1173 711 1236 λίθου
736 1175 770 1236 τὸ
795 1174 932 1257 ῥεῖθρον·

390 1282 528 1364 λέγονται
553 1281 588 1343 δὲ
610 1280 659 1342 διὰ
680 1279 793 1362 μέλους
814 1279 872 1344 ἀνὰ
894 1281 1045 1362 τέσσαρες,
1068 1281 1148 1340 οἷον·

464 1389 545 1472 φίλε,
568 1387 608 1469 μὴ
632 1388 723 1450 λάθοι
747 1387 842 1468 ἐμεῖο,

463 1497 573 1578 ἀρετῆς
594 1493 731 1577 τρόποισι
752 1495 889 1576 λάμπων,

376 1605 382 1622 “
463 1602 582 1682 ἀγάπης
606 1601 696 1684 ὅρους
718 1602 886 1684 φυλάττων,

465 1713 608 1792 μοναχῶν
633 1708 734 1793 ἄριστε
756 1705 897 1791 Μάρκε.”

345 1867 428 1924 Ηοοο
441 1867 629 1924 Hermannus
650 1863 810 1932 verissime,
826 1879 1001 1936 quamquam
1024 1864 1060 1921 de
1078 1884 1137 1926 uno
1152 1873 1263 1924 tantum
1283 1886 1370 1926 sensu

261 1972 340 2031 vocis
365 1968 447 2035 οἶκος
474 1972 611 2047 loquitur,
636 1987 725 2044 quum
750 1969 826 2025 duae
853 1967 912 2025 sint
937 1969 1000 2044 ejus
1028 1971 1059 2029 in
1080 1993 1113 2031 re
1133 1974 1251 2032 metrice
1265 1967 1368 2030 'nomm

261 2080 368 2155 dignae
388 2077 623 2154 significationes.
670 2075 785 2134 Deinde
805 2076 883 2151 quod
905 2077 946 2135 ait
968 2078 1061 2137 videri
1082 2075 1184 2144 οἴκους
1205 2080 1277 2137 istos
1298 2099 1369 2138 non·

156 2229 159 2234 .
260 2203 409 2261 nunquam
429 2193 565 2261 quattuor
586 2183 797 2244 Anacreonteis
819 2185 992 2258 constitisse,
1010 2188 1039 2245 id
1062 2185 1216 2264 Sophrouii
1235 2187 1370 2245 aliorum-

261 2311 318 2368 que
347 2293 480 2369 exemplo
510 2294 706 2370 probabimus.
749 2290 808 2350 Sed
826 2313 920 2369 neque
941 2293 1202 2353 Grammaticorum
1219 2299 1372 2368 praecepta

152 2441 155 2450 2
260 2417 354 2472 neque
382 2399 529 2475 Ducangii
558 2399 764 2475 explicationes
793 2419 845 2474 per
870 2418 901 2456 se
924 2399 1069 2456 sufficiunt
1095 2403 1133 2456 ed
1152 2402 1308 2473 perfectam
1328 2400 1371 2457 rei

259 2505 416 2582 imaginem
438 2505 534 2564 animo
555 2505 777 2579 informandam,
792 2506 848 2564 nisi
870 2505 935 2579 quis
957 2503 1044 2562 simul
1062 2514 1211 2578 poetarum
1233 2503 1371 2576 posterio-

260 2611 369 2689 rum*)
393 2614 526 2689 exempla
549 2615 672 2674 intuitus
700 2635 736 2673 ca
766 2631 841 2688 quac
869 2610 1001 2686 magistri
1021 2609 1064 2667 illi
1086 2628 1143 2666 non
1165 2609 1284 2667 tradunt
1306 2629 1371 2685 pcr-

262 2720 397 2794 spcxcrit.
438 2717 597 2800 Subjiciam
615 2723 706 2798 igitur
722 2718 876 2795 Sophronii
895 2719 1034 2792 hymnum
1055 2715 1086 2772 in
1101 2715 1251 2774 Christum
1270 2735 1370 2774 recens

260 2834 360 2884 natum
379 2829 578 2903 compositum,
600 2849 686 2904 quem
705 2829 816 2904 primus
844 2823 933 2880 edidit
955 2823 1016 2883 Lco
1041 2823 1169 2882 Allutius
1194 2822 1224 2878 in
1245 2821 1371 2881 diatriba

261 2933 298 2992 de
324 2932 500 3012 Symeonum
531 2937 654 3013 seriptis.
709 2933 806 3007 Hujus
837 2930 972 2988 carminis
1002 2937 1204 3004 argumentum
1235 2948 1251 2985 e
1274 2929 1368 2988 Lucae
1403 2933 1406 2940 '

260 3041 375 3118 Evang.
399 3040 471 3120 Cap.
492 3045 525 3102 11
545 3046 667 3121 petitum
688 3059 751 3098 csse
772 3045 900 3111 apparet.

311 3359 513 3458 Σωφρονίοο
539 3361 628 3432 οἶκος
654 3350 701 3448 εἰς
726 3349 870 3448 Χριστὸν
897 3351 953 3421 τὸν
982 3349 1057 3445 ἄρτι
1083 3347 1320 3443 γεγενημένον.

490 3545 568 3607 Ἀπὸ
591 3540 740 3622 Βηθλεὲμ
757 3538 905 3623 παρέλθω

495 3650 570 3734 μετὰ
592 3645 748 3730 παρθένου
770 3643 927 3727 τεκούσης,
952 3664 959 3672 ’

499 3755 612 3842 βρέφος
633 3755 778 3834 ἀγκάλαις
801 3752 954 3836 φερούσης

492 3863 599 3926 κλυτὸν
620 3861 651 3928 ἐς
674 3859 767 3943 δόμον
792 3859 895 3922 Θεοῖο.

327 4149 536 4216 *)Ηετοιαιιοιιο
562 4167 586 4215 ρ,
604 4147 719 4212 49οοοη,
746 4151 778 4198 de
806 4146 861 4197 eolo
889 4145 1016 4210 Gregorio
1034 4143 1200 4193 Nazianzeno
1218 4145 1244 4189 ct
1263 4141 1370 4203 Synesio

258 4232 382 4296 loquitur.
