3066 5102
171 1386 572 1468 ADNOTATIONES
596 1383 667 1460 AD
690 1383 933 1459 ANONYMI
956 1381 1159 1458 POETAE

592 1575 745 1629 cnssMnn

335 1737 392 1796 nn
413 1736 566 1797 roomo
588 1738 644 1795 nn
666 1701 1002 1850 Pnn'rmnrnonn.

572 1933 773 1948 m

116 2121 173 2217 V.
201 2153 226 2210 1.
265 2147 477 2232 καβαλλάρης]
501 2147 628 2215 correxi3
647 2145 819 2227 καβελάρης
839 2145 1070 2206 convincet
1090 2146 1224 2222 Duceng.

2 2290 7 2301 ·
114 2282 143 2338 p.
166 2260 227 2320 527
258 2259 313 2316 hoc
340 2274 399 2312 uno
428 2256 491 2313 loco
520 2254 618 2312 citato.
668 2249 843 2334 καβελάρης
871 2260 944 2311 terte
965 2251 1099 2310 Bekkero
1118 2257 1227 2329 legitur

114 2370 172 2440 hic,
197 2367 266 2423 item
294 2381 338 2420 vs.
359 2361 420 2421 690
452 2369 482 2422 et
511 2360 607 2432 17353
636 2360 756 2436 reliquie
784 2361 855 2420 locis
883 2379 927 2420 ve.
959 2361 1031 2433 288,
1059 2359 1131 2434 591,
1154 2362 1226 2436 612,

118 2473 200 2534 1790
221 2471 359 2548 scriptum
381 2479 426 2530 eet
445 2467 632 2552 καβαλάρης,
653 2469 729 2543 quod
748 2469 834 2528 hodie
848 2488 962 2546 quoque
983 2468 1079 2545 graeci
1093 2469 1226 2545 frequen·

114 2590 190 2652 tant,
209 2579 317 2656 duplici
337 2580 508 2655 plerumque
530 2577 548 2636 λ
570 2575 768 2659 καβαλλάρης
789 2586 818 2635 et
836 2573 1043 2658 καβαλλάριος
1060 2577 1227 2650 scribentes,

115 2688 358 2765 quemadmodum
384 2686 466 2763 origo
496 2685 576 2744 vocis
605 2685 742 2761 postulet.
784 2683 830 2742 cf.
855 2682 958 2742 Cernis
985 2677 1106 2746 Ἀτακτ.
1125 2685 1173 2743 IV
1197 2705 1226 2762 p.

119 2797 179 2857 188
189 2814 269 2872 seqq.
315 2795 371 2853 Est
398 2813 468 2852 vero
497 2789 540 2856 εἷς
565 2789 764 2874 καβαλλάρης
789 2791 947 2852 recentiore
974 2809 1031 2850 usu
1052 2791 1128 2850 idem
1148 2796 1227 2868 quod

116 2903 313 2987 καβαλλάρης
339 2922 383 2967 τις
410 2901 458 2959 vel
487 2900 604 2959 omnino
632 2899 840 2981 καβαλλάρης.
890 2900 959 2959 Vid.
989 2900 1056 2958 adn.
1084 2901 1122 2959 ad
1140 2903 1225 2961 Dem.

118 3010 189 3067 Zen.
210 3029 239 3085 p.
260 3011 299 3069 43
320 3018 349 3067 et
368 3008 514 3069 Schaefer.
533 3008 570 3065 nd
592 3007 729 3084 Longum
750 3027 780 3084 p.
798 3007 869 3067 399.
908 3006 1064 3066 Caeterum
1084 3007 1157 3068 illud
1182 3008 1226 3074 εἷς

119 3117 166 3175 vel
186 3112 257 3182 ἕνας
282 3116 313 3174 in
341 3116 457 3192 vulgari
481 3133 612 3174 sermone
641 3117 714 3174 adeo
743 3134 801 3174 non
828 3114 1023 3175 necessarium
1039 3123 1092 3188 eet,
1113 3123 1146 3174 ut
1167 3137 1225 3176 non

118 3224 212 3284 solum
240 3220 303 3304 ejus
331 3224 465 3302 repetitio
492 3223 617 3296 vitetur,
646 3225 726 3282 velut
753 3224 832 3301 opud
859 3224 1049 3300 Anonymnm
1079 3223 1116 3282 de
1141 3225 1226 3284 bellis

117 3331 297 3391 Francorum
318 3353 346 3410 p.
371 3332 408 3392 14
433 3332 477 3392 ed.
500 3331 638 3390 Buchon:

204 3469 248 3537 εἷς
270 3467 323 3530 ἀπ’
347 3467 457 3537 αὐτοὺς
478 3468 627 3552 εὑρέθηκε
650 3470 801 3554 χρήσιμος
821 3469 1026 3553 καβαλλάρης.

196 3575 381 3658 Ἀνθρωπος
400 3571 471 3656 ἦτον
494 3576 629 3661 εὐγενής,
653 3574 800 3661 φρόνιμος
823 3577 898 3660 ὑπὲρ
922 3575 1030 3661 μέτρον

203 3681 302 3766 Μισὲρ
325 3678 446 3765 Τζεφρὲ
469 3683 519 3745 τὸν
544 3681 663 3766 ἔλεγαν,
686 3685 888 3768 βιλλαρδουῆν
910 3687 944 3747 τὸ
969 3685 1109 3769 ἐπίκλην·

202 3791 253 3856 καὶ
275 3788 369 3871 μέγας
388 3793 660 3877 πρωτοστράτορας
677 3791 750 3874 ἦτον
774 3792 816 3859 εἰς
835 3792 887 3873 τὴν
913 3788 1109 3900 Turnacum

121 3937 173 3995 sed
196 3935 281 3993 etiam
301 3932 409 3992 fuerint
429 3933 479 4007 qui
500 3935 615 3996 omnino
639 3938 694 3995 hoc
714 3954 771 3995 unu
792 3936 995 3996 abstinendum
1010 3939 1148 4015 putarint.
1180 3943 1228 4002 Ita

120 4041 293 4102 Vincentius
316 4040 464 4102 Cornerns
485 4043 515 4100 in
536 4043 713 4104 Erotocrito:

207 4175 323 4240 Θέλουν
347 4180 384 4242 vu
401 4180 528 4266 ’μβοῦνε
546 4180 572 4248 ’ς
593 4183 733 4266 ὁρδινιὰ’,
757 4183 944 4289 tractatum
966 4186 1016 4247 δὲν
1039 4187 1156 4260 ἐλείπα,

210 4282 261 4346 ὅτε
278 4283 427 4366 ’γροικοῦν
451 4289 511 4354 ἀπὸ
534 4290 635 4374 μακρὰ
659 4291 713 4355 σὰν
738 4292 870 4377 βοὺκινο’
893 4292 920 4354 κ’
941 4290 1063 4356 eurico.
