3066 5102
570 461 574 470 .
680 417 699 476 5

218 595 334 655 Accede
363 593 400 650 ad
420 589 599 663 chronicon,
625 593 708 652 cuius
738 593 867 652 conditor
892 591 1054 668 promiscue
1080 585 1187 669 γέγονε
1217 599 1246 648 ot

135 699 256 782 ἐγέγονε
270 699 394 776 scripsit,
415 707 502 774 atquo
520 697 551 756 id
573 698 691 774 quidam
710 709 770 760 tam
792 719 888 777 saepe,
906 707 940 757 ut
960 699 1033 758 satis
1051 706 1157 774 pateat,
1181 693 1243 775 ἐγέ-

15 851 18 868 .
133 828 204 887 *pore
233 827 290 866 non
313 806 447 877 librario,
479 806 530 864 sed
560 805 670 864 auctori
697 807 882 866 tribuendum
903 825 975 865 asse.
1022 806 1128 881 Neque
1146 811 1243 862 tamen

134 914 299 972 Bullialdus
337 915 496 988 quidquam
531 913 567 970 de
601 913 656 971 hoc
690 913 891 990 similibusque
922 914 1076 972 verborum
1103 911 1243 987 portentis

134 1029 342 1080 commentatus
361 1029 414 1078 est.
464 1020 543 1078 Nam
562 1020 713 1079 Beklrerus
733 1023 850 1080 omnino
873 1021 947 1079 nihil
967 1019 1005 1077 de
1023 1019 1078 1077 hoc
1099 1016 1243 1076 Chronico

133 1127 291 1186 adnotavit.
332 1127 392 1184 Res
413 1135 510 1186 autam
532 1128 575 1186 sic
593 1147 625 1186 se
643 1130 739 1188 habet.
773 1127 870 1202 Quum
888 1124 1119 1186 exolescentibus
1142 1123 1243 1200 paula·

133 1235 185 1296 tim
202 1235 358 1294 verborum
377 1235 510 1312 perfectis
531 1236 562 1292 in
580 1236 696 1312 vulgari
719 1256 852 1296 sermone
875 1235 975 1294 aoristi
994 1234 1078 1292 salva
1101 1231 1193 1290 vetari
1211 1230 1243 1288 vi

133 1351 162 1400 et
180 1347 321 1418 potestate
332 1343 524 1418 perfectorum
537 1343 747 1420 significatione
763 1351 948 1419 augerentur,
971 1341 1021 1399 diu
1033 1347 1139 1398 tamen
1155 1357 1242 1415 quae-

133 1450 199 1508 dam
223 1449 350 1525 perfecta
371 1459 510 1527 tanquam
532 1451 637 1527 prioris
660 1452 763 1510 aetatis
785 1451 926 1526 reliquiae
946 1450 1111 1506 manebant.
1160 1445 1243 1518 Quae

132 1556 201 1633 quia
223 1575 280 1613 non
294 1552 357 1635 jam
378 1577 431 1633 pro
454 1557 614 1634 perfectis,v
632 1560 683 1617 sed
704 1579 757 1636 pro
778 1557 892 1617 aoristis
913 1558 1112 1627 habebantur,
1137 1553 1242 1612 idcirco

133 1664 304 1722 aoristorum
316 1685 396 1723 more
407 1674 564 1739 augmento
583 1667 719 1742 insigniri
739 1667 869 1743 potuisse
893 1685 951 1724 non
963 1664 1136 1723 mirandum.
1164 1660 1243 1718 Hinc

134 1767 256 1850 ἐγέγσνε
277 1770 429 1846 dupliciter
450 1779 567 1830 auctum
594 1781 623 1830 et
651 1773 844 1848 duplicatione
863 1773 982 1849 perlecti
1001 1771 1096 1829 indice
1118 1777 1146 1826 ot
1169 1786 1242 1841 aug·

133 1886 230 1936 mento
249 1877 350 1936 aeristi
370 1886 447 1935 nota.
477 1877 632 1938 Caeterum
652 1899 737 1939 namo
757 1881 873 1956 ignorat
890 1880 1028 1954 vulgares
1052 1872 1139 1956 hujus
1160 1873 1245 1932 verbi

132 1987 253 2043 aoristos
284 2003 349 2042 esse
374 1979 475 2062 ἔηινα,
505 1982 603 2066 ἐηίνην
632 1994 662 2045 et
692 1984 825 2067 ἐγίνηκα.
883 1987 929 2047 cf.
954 1984 1058 2044 (loreis
1082 1967 1242 2042 ’Areaal

132 2111 198 2168 pag.
209 2094 270 2152 335
291 2101 319 2150 et
332 2093 456 2151 Davidis
477 2088 613 2172 Παραλλ.
630 2095 683 2174 τῆς
702 2093 766 2154 tlt.
786 2095 837 2156 aori
852 2115 949 2176 γραικ.
964 2091 1183 2173 γλώσσηςρας.
1192 2087 1242 2148 60.

215 2207 361 2281 Pag.521
388 2205 433 2261 ed.
453 2202 579 2261 Bokker.
603 2206 726 2281 legitur:
756 2196 865 2286 5773&
896 2203 957 2266 ἔτει
983 2202 1078 2286 ἦλθεν
1110 2201 1126 2262 ὁ
1151 2197 1242 2264 αὐτὸς

133 2310 243 2393 ἀμιρὰς
273 2311 306 2371 τὸ
337 2308 479 2391 δεύτερον
513 2309 556 2375 εἰς
585 2309 636 2370 τὸν
669 2305 848 2391 Μεζηθρσίν,
878 2309 929 2370 καὶ
961 2310 1055 2391 ἐπῆρε
1084 2307 1134 2367 τὸν
1157 2304 1240 2386 κύριν

133 2415 306 2497 Δημήτριον
334 2416 383 2476 τὸν
415 2413 563 2497 δεσπότην
595 2416 647 2478 σὺν
668 2421 722 2498 τῆς
745 2415 922 2500 βασιλίσσης
942 2415 992 2478 καὶ
1018 2417 1071 2496 τῆς
1093 2411 1242 2494 θυγατρὸς

133 2521 238 2600 αὐτοῦ,
259 2521 311 2602 τὴν
337 2522 445 2584 ὁποίαν
466 2523 585 2606 ἐπεῖρεν
600 2525 643 2592 είς
660 2524 692 2586 τὸ
708 2523 807 2608 Eupoli
822 2524 891 2606 μηνὶ
906 2519 997 2604 Μαΐῳ
1011 2519 1046 2596 λ’,
1067 2521 1193 2605 νεμήσει
1207 2518 1240 2588 ζ’.

131 2631 216 2689 Nihil
243 2631 337 2689 dicam
362 2633 398 2689 de
421 2632 560 2707 junctura
592 2631 644 2693 σὺν
675 2636 728 2713 τῆς
758 2632 935 2716 βασιλίσσης
963 2650 1038 2708 quae
1069 2632 1098 2689 in
1132 2627 1251 2690 novitia'

133 2739 289 2814 graecitate
306 2740 404 2798 dativo
424 2743 540 2817 privata
560 2742 634 2800 nihil
654 2742 741 2800 habet
763 2740 913 2813 mirabile,
932 2741 985 2798 sed
1006 2740 1061 2798 hoo
1081 2757 1171 2796 unum
1190 2756 1241 2795 no·

131 2847 250 2905 tandum
272 2848 415 2921 existimo,
434 2849 512 2924 quod
531 2847 697 2906 Bekkerum
717 2847 808 2926 fugit,
832 2848 990 2923 posteriore
1012 2847 1074 2905 loco
1096 2864 1187 2922 aeque
1208 2863 1242 2902 ac

131 2953 228 3028 priore
250 2975 303 3031 pro
332 2953 451 3038 ἐπεῖρεν
473 2955 601 3032 flagitari
621 2951 743 3035 ἐπῆρεν.
793 2955 862 3013 Vid.
887 2953 1049 3014 Scerlotum
1070 2974 1099 3031 p.
1121 2952 1182 3012 209
1213 2959 1242 3007 et

134 3060 237 3120 Geraia
257 3058 379 3139 Ἀτακτ,
402 3065 444 3121 ΙΙ.
462 3083 491 3140 p.
506 3065 556 3124 52.

216 3170 290 3246 Peg.
302 3170 374 3229 522.
396 3166 538 3250 ἐποίησεν
555 3168 678 3253 ἀμαχην
692 3190 711 3249 η
731 3165 874 3230 addentia
886 3170 974 3252 ἡμῶν
991 3172 1079 3252 μετὸν
1093 3167 1238 3252 Τσῦρκον.

130 3271 179 3335 Ita
198 3275 349 3336 Bekkerus
371 3278 551 3336 Bullialdum
573 3285 688 3336 secutus
707 3275 805 3334 edidit.
840 3279 923 3337 Idem
945 3281 1025 3338 locus
1046 3298 1065 3337 a
1087 3279 1240 3355 Ducangio

133 3402 205 3442 av.
227 3380 332 3466 ἀμάχη
364 3385 384 3444 i.
403 3405 427 3442 e.
458 3383 541 3466 μάχη
565 3404 594 3461 p.
613 3381 653 3444 57
682 3383 736 3442 hoc
765 3385 850 3444 modo
878 3387 1028 3444 laudatur:
1056 3385 1239 3459 „Chronicon

132 3491 606 3568 Veneto-Byzantinuman.ld99
631 3488 772 3571 ἐποίησεν
796 3491 918 3575 ἀμάχην
942 3491 961 3571 ἡ
986 3490 1129 3552 αὐθεντία
1150 3492 1238 3573 ἡμῶν

134 3595 210 3679 μετὰ
233 3593 409 3680 Τοίρκων.”
460 3602 509 3660 Ex
538 3602 593 3660 hac
628 3599 821 3676 discrepantia
846 3601 967 3677 colligas
993 3602 1178 3678 Ducangium
1205 3619 1239 3658 ea

132 3723 209 3779 quaa
229 3705 260 3761 iu
282 3707 377 3764 ecdico
398 3708 581 3784 reperiuntur
608 3708 761 3779 exhibere,
793 3709 972 3767 Bullialdum
999 3709 1147 3784 scriptoris
1173 3709 1238 3765 bar·

132 3812 242 3872 bariem
262 3811 406 3869 imitatum
429 3815 514 3871 taoite
541 3819 619 3874 hunc
645 3817 740 3875 locum
765 3826 902 3876 mutasse.
953 3817 1135 3874 Praecedunt
1162 3815 1238 3872 eninr

10 3955 11 3960 κ
132 3923 219 3979 haec:
247 3916 390 3999 ἐποίησεν
418 3939 437 3999 η
467 3923 702 4004 πανυψηλατσίπη
731 3921 819 4002 ἡμῶν
845 3922 989 3984 αὐθεντία
1006 3925 1065 3983 τῶν
1088 3917 1237 3981 Βενετίων

134 4027 251 4108 ἀγάπην
285 4026 373 4108 μετὸν
406 4021 561 4108 Τσῦρκσν,
587 4029 778 4104 subjiciuntur
802 4041 898 4089 autern
930 4028 1055 4110 ἐποίησε
1083 4028 1136 4110 τὴν
1167 4028 1237 4109 ἀγά-

23 4181 29 4188 .
134 4153 192 4211 πην
219 4133 307 4211 μετὸν
335 4129 483 4218 Τοῦρκαν.
555 4137 630 4196 Sunt
664 4139 753 4215 igitur
785 4139 882 4198 omnia
912 4147 1052 4214 quantum
1083 4138 1114 4194 in
1138 4137 1238 4212 hujus·

135 4238 211 4297 medi
234 4237 371 4312 scriptore
394 4245 458 4304 fieri
477 4253 588 4321 potest,
618 4249 647 4304 in
670 4247 796 4305 Bekkeri
816 4255 899 4305 textu
920 4247 975 4304 hoc
996 4247 1058 4305 loco
1079 4247 1239 4315 emendata,

134 4347 192 4406 nisi
215 4345 293 4418 quod
314 4365 367 4420 pro
388 4353 474 4425 μετὸν
498 4348 633 4434 Τσϋρκαν
655 4355 762 4429 ubique
785 4353 823 4433 μὲ
844 4353 895 4413 τὸν
917 4348 1052 4433 Τσῦρκον
1077 4353 1098 4424 i.
1115 4372 1140 4411 e.
1163 4347 1238 4428 perol
