3066 5102
612 418 761 513 —2-7-

170 597 204 648 10
222 589 254 651 ὃν
281 591 425 674 βαστάζει
446 589 573 673 Συμεὼν
599 592 733 674 σήμερον
756 591 788 652 ἐν
812 596 856 674 τῷ
876 595 952 675 ναῷ.

212 691 407 778 Ἐπιβλέπεις
425 698 500 780 πρὸς
520 697 572 779 τὴν
597 701 651 779 γῆν
672 697 722 759 καὶ
742 699 841 763 ποιεῖς
860 697 981 780 τρέμειν
1005 694 1098 778 αὐτὴν
1178 779 1180 783 Ι

216 800 353 869 καὶπῶς
373 802 471 886 γέρων
490 805 652 884 κεκμηκὰις
671 802 705 863 σὲ
727 801 850 885 κατέχει
872 803 902 865 ἐν
926 803 1041 887 χερσίν.

217 903 320 989 Ζήσας
340 908 392 991 ἔτη
416 910 557 992 Συμεών,
577 908 637 976 ἕως
656 907 721 971 εἶδε
740 910 790 972 τὸν
814 907 956 993 Χριστόν,

216 1014 267 1074 καὶ
287 1013 364 1098 ἐβόα
384 1016 460 1098 πρὸς
481 1014 589 1078 αὐτόν·
610 1020 661 1078 νῦν
686 1016 834 1079 ἀπόλυσιν
859 1021 952 1098 ζητῶ.

166 1125 199 1178 15
211 1115 252 1181 ‘H
272 1121 397 1204 λαβὶςὴ
423 1124 548 1206 μοστικὴ
568 1124 587 1204 ἡ
611 1123 661 1184 τόν
683 1122 821 1206 ἄνθρακα
842 1121 973 1207 Χριστὸν

216 1228 414 1311 συλλαβοῦσα
437 1229 468 1290 ἐν
487 1231 593 1313 γαστρὶ
617 1229 652 1291 ot
675 1230 820 1313 ὑπάρχεις
842 1227 980 1314 Μαριάμ.

217 1328 324 1395 Θέλων
347 1335 588 1420 ἐνηνθρώπησας
609 1337 625 1400 ὁ
647 1337 843 1420 προάναρχος
863 1336 945 1411 θεός,

214 1439 264 1500 καὶ
286 1446 352 1525 ναῷ
371 1443 578 1528 προςφέρεσαι
598 1444 935 1527 τεσσαρακονόήμερος,

213 1547 371 1609 κατελθὼν
394 1549 425 1620 ἐξ
448 1551 581 1634 οόρανοό
602 1551 617 1612 ό
642 1548 791 1632 δεσπότης
809 1555 863 1612 τοῦ
886 1549 1008 1618 παντός.

165 1646 396 1722 νθὛπεδεἛατο
421 1656 510 1718 αὐτὸν
530 1656 658 1739 Συμεὼν
680 1658 695 1718 ό
722 1655 829 1739 ἱερεός.

214 1756 398 1840 Λάμπρονόν
420 1783 478 1843 μου
500 1763 552 1843 τὴν
576 1763 675 1846 ψυχὴν
698 1757 805 1824 καὶτὸ
829 1767 896 1844 φῶς
914 1765 947 1825 τὸ
971 1760 1127 1844 αἰσθητόν,
1227 1829 1228 1833 ,

215 1862 300 1932 όπιος
316 1864 377 1940 ,tto
401 1867 545 1950 καθαρῶς
565 1871 616 1931 καὶ
638 1869 759 1952 κηρύξω
783 1890 817 1929 σε
839 1867 928 1932 Θεόν.

213 1966 456 2056 Μητροποίρόενε
479 1974 565 2057 ἁγνή,
586 1976 616 2037 τό
634 1975 815 2060 προςφέρεις
835 1980 879 2059 τῷ
897 1981 974 2060 ναῷ,

213 2077 281 2137 νέον
301 2078 416 2162 βρέφος
434 2081 585 2144 ἀποδοῦσ’
609 2083 641 2143 ἐν
664 2083 809 2163 ἀγκάλαις
828 2081 968 2166 Συμεών.

163 2191 196 2243 25
214 2180 277 2244 Νῦν
300 2184 446 2246 ἀπόλυσιν
471 2189 550 2268 ζητῶ
571 2187 628 2249 ὑπὸ
653 2191 707 2248 σοῦ
730 2191 784 2247 τοῦ
805 2190 1029 2271 πλαστοοργοῦ,

187 2335 190 2342 ,
215 2287 261 2350 ότι
284 2287 365 2352 εἶδόν
390 2312 424 2351 σε
445 2288 569 2376 Χριστέ,
592 2293 625 2355 τό
653 2291 801 2376 σωτήριόν
824 2314 882 2374 μοο
904 2298 980 2376 φῶς.

204 2391 264 2458 Ὃν
286 2397 315 2457 οἱ
337 2396 401 2459 ἄνω
422 2400 590 2484 λειτουργοὶ
612 2399 717 2485 τρόμῳ
737 2397 935 2476 λιτανεόοοσι,
1031 2389 1037 2396 ’

212 2502 294 2564 καίτοι
317 2507 368 2566 νόν
392 2507 408 2566 ό
431 2505 558 2588 Συμεὼν
582 2506 776 2590 domitare
797 2505 912 2590 χερσίν.

208 2605 249 2670 Ἡ
268 2613 308 2692 τῇ
330 2610 419 2694 ιρόσει
441 2614 495 2694 μὲν
517 2615 620 2697 μονάς,
640 2616 704 2682 τοῖς
721 2615 898 2696 προσώποις
917 2613 951 2674 δὲ
970 2614 1062 2695 τριάς,

161 2721 196 2774 30
214 2712 345 2797 φόλαττε
364 2718 435 2786 τοὺς
457 2720 588 2790 δοόλοος
611 2743 667 2783 σοο
687 2720 757 2787 τοὺς
778 2719 973 2787 πιστεύοντας
993 2719 1036 2786 εἰς
1058 2718 1102 2780 σέ.

213 2812 345 2887 Θεοτόκε
367 2827 386 2906 ἡ
413 2826 498 2894 ἐλπὶς
516 2830 637 2891 πάντων
660 2832 719 2890 τῶν
739 2825 940 2911 Χριστιανῶν,

213 2927 315 3010 σκέπε,
337 2932 483 3015 φροόρει,Ι
500 2933 632 3018 φόλαττε
651 2933 722 3002 τοὺς
742 2934 917 3003 ἐλπίζοντας
936 2934 980 2999 εἰς
1001 2931 1045 2994 σέ.

210 3124 366 3190 Conditum
386 3135 522 3192 essehoc
542 3151 656 3192 carmen
679 3141 745 3209 post
766 3140 879 3209 captam
900 3149 918 3188 a
941 3131 1047 3190 Turcis
1066 3130 1234 3192 Constanti·

125 3221 243 3310 nopolin
274 3245 326 3296 aut
347 3241 436 3316 paulo
456 3248 524 3298 ente
550 3261 567 3298 e
595 3239 762 3299 Graecitete
781 3244 869 3314 patet.
911 3236 1070 3298 Confundit
1090 3243 1175 3316 poeta
1202 3234 1232 3296 ἐν

126 3348 155 3397 et
176 3339 219 3406 εἰς
236 3348 461 3421 praepositiones
477 3345 608 3407 similiter
626 3355 714 3420 atque
732 3344 917 3420 Nicephorus
936 3345 1051 3403 Phocae
1072 3365 1101 3420 p.
1112 3346 1172 3404 242
1187 3344 1232 3402 ed.

126 3447 220 3507 Βοιιο.
269 3451 349 3511 v.5
382 3449 544 3532 βουληθεὶς
569 3451 584 3512 ό
612 3449 822 3532 πλαστοορνός
851 3445 900 3508 ἵνα
925 3449 1011 3532 σώσῃ
1043 3450 1234 3510 recentiorum

125 3573 206 3612 more
233 3558 285 3632 qui
310 3560 400 3635 vulgo
430 3556 534 3638 ἐπειδὴ
562 3555 658 3639 ἤθελε
685 3556 722 3617 νὰ
748 3556 834 3646 σιόσῃ
864 3556 965 3614 dicunt
988 3577 1041 3633 pro
1071 3552 1234 3637 βουληθεὶς

128 3661 226 3719 σῶσαι
247 3675 378 3741 usurpet.
412 3667 458 3726 De
479 3685 535 3725 usu
560 3668 679 3726 voculae
698 3665 763 3728 πῶς
785 3683 815 3720 v.
829 3664 866 3722 12
888 3662 923 3722 cf.
936 3664 1149 3722 ednadDem.
1164 3662 1233 3720 Zeu.

126 3785 154 3823 v.
184 3764 241 3827 108
263 3779 292 3827 et
312 3772 384 3844 232,
405 3773 441 3829 de
464 3772 555 3831 forma
575 3769 781 3854 προςφέρεσαι
803 3790 831 3827 v.
854 3772 892 3829 18
913 3769 983 3828 ibid.
1004 3770 1041 3828 ad
1064 3786 1140 3826 vers.
1162 3767 1212 3826 35.

210 3874 295 3950 Quod
317 3894 388 3938 vero
408 3896 496 3964 supra
517 3878 587 3952 dixi,
612 3877 836 3957 memoratisque
857 3877 950 3953 poetis
969 3875 1142 3952 quibusdam
1164 3891 1232 3955 pro-

125 3981 202 4054 bavi,
223 4001 279 4043 non
300 3983 427 4043 defflisse
450 3985 501 4061 qui
524 3985 554 4045 in
576 3986 733 4047 condendis
757 3984 932 4042 carminibus
954 3981 1164 4041 Anacreonteis
1183 3997 1233 4037 ne·

125 4088 221 4162 glecta
250 4092 428 4166 syllabarum
453 4094 615 4168 quantitate
641 4095 717 4153 solos
745 4110 848 4150 vocum
875 4098 1009 4148 occentus
1035 4094 1233 4165 sequerentur,

124 4192 156 4250 id
185 4193 293 4251 nemini
325 4199 431 4258 minum
458 4199 603 4258 videbitur
630 4199 776 4276 reputanti
801 4201 854 4256 hos
886 4205 1037 4272 poetarum
1064 4192 1231 4270 vulgarium

125 4317 228 4357 versus
250 4301 426 4376 antiquiores
447 4315 521 4380 esse,
540 4326 627 4384 quam
646 4308 850 4383 plerorumque
872 4302 928 4362 fert
942 4304 1047 4378 opinio.
1073 4302 1116 4362 Ut
1133 4306 1230 4357 autem
