3066 5102
612 457 759 549 *aa*

132 638 212 698 civili
240 655 274 696 ao
299 635 450 694 latinitatis
477 635 596 695 seientia
626 635 833 696 instinctorum
860 637 1011 700 hominum
1036 639 1245 717 interpretandi

132 745 330 806 diversitatem
348 743 543 820 introspicere.

518 987 639 1038 CAPUT
660 988 868 1041 SECUNDUM.

216 1123 291 1182 Cum
315 1121 420 1182 Graeci
442 1126 549 1200 partim
572 1127 662 1184 sacris
684 1127 854 1184 Latinorum
880 1125 1112 1201 expeditionibus
1137 1125 1244 1200 partim

131 1241 310 1289 mercaturae
326 1233 463 1291 beneficio
475 1233 658 1310 ingeniorum
666 1234 798 1293 habitum
814 1235 989 1308 cultumque,
1006 1232 1169 1289 litterarum
1187 1240 1245 1290 sta·

131 1347 236 1396 tumet
249 1341 361 1416 po'e'tica
381 1341 478 1397 studia
498 1344 576 1417 apud
590 1341 755 1401 Occidentis
768 1343 891 1418 populos
904 1340 1117 1416 cognovissent,
1132 1338 1244 1412 accidit,

132 1443 172 1502 ‘ut
191 1447 308 1521 plurimi
330 1467 429 1506 eorum
448 1456 549 1524 politae
569 1451 654 1524 quasi
674 1449 854 1524 antiquitatis
878 1449 961 1506 obliti
989 1447 1118 1504 certatim
1148 1464 1179 1504 se
1207 1447 1244 1503 ad

132 1553 286 1613 Gallorum
299 1557 497 1630 Italorumque
511 1557 612 1633 poesin
624 1558 793 1616 imitandam
815 1557 984 1615 conferrent.
1013 1554 1093 1611 Hinc
1110 1553 1163 1610 illa
1176 1572 1244 1629 poe-

132 1668 212 1715 mata
236 1657 304 1740 περὶ
326 1663 450 1740 ηεραιοῦ
475 1659 601 1720 ἱππότου
616 1663 645 1737 *)
668 1665 704 1720 de
725 1663 862 1738 Lybistro
882 1662 978 1738 equite
991 1660 1097 1718 Latino
1117 1668 1147 1718 et
1165 1661 1245 1717 Rho·

132 1766 239 1823 damna
267 1767 346 1841 regis
368 1767 528 1825 Armeniae
550 1769 680 1848 filia**)‚
714 1770 750 1826 de
776 1769 956 1826 Belthandro
977 1768 1073 1843 equite
1096 1774 1125 1823 et
1150 1765 1245 1844 Chry·

200 1993 230 2060 *J
251 1992 362 2044 Carmen
387 1995 437 2046 hoe
461 1997 560 2046 aditum
578 2004 616 2048 est
637 2011 653 2046 a
676 1998 707 2048 F.
726 1998 760 2048 Η.
787 2014 838 2050 von
857 2000 902 2048 der
918 1997 1013 2062 Hagen
1034 1997 1062 2046 in
1079 1995 1244 2048 Denkmalen

75 2075 82 2092 ¹
132 2079 177 2126 des
194 2075 361 2126 Mittelalters
376 2075 471 2126 fasc.1
493 2075 567 2138 teat,
591 2077 688 2141 legitur
708 2079 787 2130 etiam
806 2079 956 2144 appendicis
973 2079 1030 2127 loco
1046 2075 1074 2124 in
1092 2075 1194 2126 Roman
1212 2079 1244 2128 ds

134 2157 239 2206 Tristan
255 2170 288 2206 en
303 2171 361 2205 vers
377 2163 426 2204 etc.
442 2157 531 2218 publie
547 2171 596 2219 par
613 2158 773 2220 Francisqne
791 2159 896 2208 Michel.
923 2159 1008 2210 Paris.
1030 2152 1105 2207 1836.
1123 2157 1243 2222 Denique

131 2237 272 2300 separatim
288 2235 453 2298 divulgatum
470 2242 509 2286 est
528 2235 633 2299 Lipsiae
656 2232 720 2286 tato
740 2236 773 2285 ab
793 2235 828 2285 A.
845 2238 983 2296 Ellisscno.
1261 2225 1263 2231 ’

198 2335 244 2399 aa)
265 2335 306 2384 Ex
324 2335 374 2384 hoe
393 2336 424 2386 de
442 2335 564 2400 Lybistro
586 2343 612 2386 et
631 2335 787 2386 Rhodamna
805 2338 925 2402 podmate
944 2333 1052 2386 Crusins
1069 2331 1243 2400 Turcograeo.

131 2432 157 2482 p.
177 2413 229 2466 489
239 2431 290 2480 seq.
309 2415 386 2466 hosce
406 2416 498 2466 laudat
513 2432 617 2468 versus:

283 2529 359 2602 Ψυχὴ
379 2531 426 2602 γὰρ
447 2531 639 2604 ἐρωπότρωτος,
660 2529 709 2584 όσα
729 2532 896 2602 ψυχοπονέση
991 2531 994 2538 ’

281 2612 355 2680 χάνοι
375 2612 435 2669 τοὺς
455 2611 561 2674 πόνους,
582 2611 612 2664 ἂν
633 2611 728 2682 ηλυκδν
750 2607 821 2679 μάδη
842 2615 888 2661 τοῦ
909 2606 991 2660 πόθου
1008 2604 1095 2674 λόγον.

243 2747 246 2756 ‚
282 2689 377 2749 πόσους
395 2691 531 2750 κινδόνους
552 2688 637 2743 laada
656 2692 701 2742 καί
721 2691 834 2760 ἀνάγκας
853 2686 1015 2757 δπεστοίδην·

283 2770 307 2824 τί
327 2772 466 2842 πράγματα
487 2772 644 2841 ἐσυνέβησαν
664 2770 777 2824 διεσέναν
797 2773 832 2830 είς
851 2772 954 2841 ἐμίναν.

282 2852 377 2923 πέτρας
397 2852 492 2923 ἀνάχες
513 2847 627 2922 ἐσδησιν,
646 2852 691 2902 καί
710 2851 807 2923 σιδηρὶν
827 2851 946 2923 καρδίαν,

282 2932 380 3000 ναμετὰ
400 2933 601 3003 συνεπάσχησες,
620 2931 652 2982 τὰ
673 2931 808 3004 ἐπάσχησα
827 2931 861 2984 δι’
886 2932 985 2993 ἐσέναν,

286 3043 361 3116 Ψυχὴ
378 3046 425 3117 γὰρ
446 3047 636 3119 ἐρωπότρωτος,
657 3046 705 3099 όσα
725 3047 890 3120 ψυχοπονέση

284 3129 357 3200 χάνεν
376 3129 436 3188 τοδς
456 3131 559 3194 πόνους,
576 3133 605 3184 ἂν
626 3131 721 3202 γλυκὺν
745 3129 816 3204 μάδη
835 3137 881 3184 τοῦ
900 3129 982 3184 πόθου
1003 3131 1090 3203 λόγον·

282 3213 378 3272 πόσους
397 3215 530 3273 κινδόνους
551 3214 634 3268 scota
652 3233 678 3265 κι
698 3215 812 3286 ἀνάγκας
833 3215 996 3286 δπεστοίθην·

281 3298 306 3350 τί
328 3301 467 3370 πράγματα
487 3300 630 3368 συνέβησαν
650 3284 783 3353 affectant
804 3301 838 3358 είς
859 3301 962 3369 ἐμίναν.
995 3303 1048 3368 [vel
1063 3301 1088 3352 τί
1108 3299 1240 3373 πράγματ’

666 3371 696 3385 ⁹
737 3385 893 3454 ἐσυνέβησαν
916 3405 942 3438 κ.
960 3405 983 3439 τ.
1002 3385 1039 3452 λ.]

282 3465 376 3535 πέτρας
397 3465 427 3515 δν
446 3467 477 3516 νά
493 3465 548 3536 ’χες
568 3457 683 3536 αἴσθησιν
705 3472 750 3522 καί
770 3470 874 3542 σιδηρὴν
894 3471 1010 3543 καρδίαν,

283 3549 314 3599 νδ
335 3549 367 3616 μὲ
388 3548 420 3599 τό
440 3551 641 3623 συνεπάσχησες,
654 3553 686 3604 τὰ
706 3553 841 3626 ἐπάσχησα
862 3553 1013 3641 διζέσέναν.

131 3675 162 3724 In
181 3677 264 3740 primo
281 3692 357 3726 versu
374 3685 433 3741 post
459 3674 506 3727 δσα
524 3682 633 3744 antiqua
657 3683 748 3746 lingua
775 3684 902 3733 desiderat
921 3683 951 3735 ἂν
971 3689 1137 3752 particulam,
1164 3707 1243 3755 qnam

131 3757 287 3806 recentiores
313 3758 444 3808 omittunt.
481 3757 522 3809 Cf.
539 3761 633 3814 David.
653 3759 768 3832 Παρολλ.
785 3776 810 3826 p.
830 3762 886 3814 108.
932 3767 973 3817 De
993 3775 1125 3819 structura
1140 3771 1243 3835 vulgari

128 3833 154 3886 τί
163 3835 300 3905 πράγματα
313 3840 367 3890 dixi
376 3839 443 3890 lib.I
455 3855 512 3903 cap.
525 3844 610 3905 primo
619 3844 752 3894 aancae
764 3858 820 3906 cap.
828 3844 979 3898 XXXVIII
990 3867 1014 3916 p.
1023 3849 1073 3902 273
1084 3852 1242 3903 ed.Bakker.

130 3917 219 3966 Verba
238 3915 268 3966 ἂν
287 3920 319 3968 να
334 3917 390 3990 ’χες
410 3921 437 3980 ti.
456 3934 478 3969 e.
496 3918 525 3969 ἂν
546 3921 578 3972 vit
596 3923 675 3994 εἶχες)
695 3919 812 3992 αίσδησιν
833 3927 960 3990 duplicem
978 3934 1111 3982 continent
1127 3935 1243 3998 partien-

129 3997 182 4045 lam
201 3999 410 4052 conditionalem.
442 3999 538 4051 Cernes
557 4004 590 4051 ad
599 4002 787 4068 Ptochoprodr.
805 4019 829 4068 p.
839 4003 897 4069 2¹25,
917 4005 931 4058 δ
954 4009 994 4073 vol,
1012 4014 1104 4077 inquit,
1124 4013 1242 4081 σημαίνει

129 4073 255 4132 πολλάκις
281 4080 325 4130 καὶ
353 4081 382 4132 τὸ
407 4080 451 4132 ἐὰν
478 4079 494 4150 ἡ
522 4079 622 4147 μᾶλλον
639 4080 676 4133 τὸ.
692 4083 723 4145 εί,
743 4082 778 4140 ὡς
798 4084 833 4141 είς
852 4091 928 4138 τοῦτο
947 4089 976 4141 τὸ
1001 4092 1173 4162 παράδειγμα,
1200 4090 1243 4146 Nd

129 4154 226 4224 ἤρχεσο
246 4155 401 4229 ἐνωρηπερα,
425 4157 519 4232 ἤθελες
541 4157 569 4228 μ’
594 4159 685 4231 εὑρεῖν.
729 4166 850 4215 Alterum
877 4167 942 4218 illnd
968 4170 999 4220 vd
1022 4173 1099 4237 [vers.
1115 4173 1143 4239 6]
1175 4178 1243 4227 idem

130 4236 200 4284 valet
217 4237 287 4298 quod
306 4235 336 4285 ἂν
355 4238 488 4309 δυνητικὸν
505 4248 630 4304 veterum,
650 4251 680 4294 ut
697 4259 786 4295 seusus
799 4249 833 4296 sit
852 4246 993 4307 συνέπαθες
1017 4251 1056 4303 ἅν.
1092 4255 1152 4304 Vid.
1165 4259 1241 4309 eund.

132 4314 243 4366 Goradm
260 4317 277 4368 l.
298 4332 319 4366 c.
368 4317 405 4368 Ut
428 4330 515 4374 autam
542 4321 637 4394 χρυσός
664 4325 808 4388 vulgariter
833 4329 970 4381 adhibetur
987 4349 1035 4398 pro
1053 4339 1176 4406 χρυσουςι
1204 4339 1242 4387 ita

130 4398 209 4448 etiam
234 4395 337 4469 σίδηρός
366 4399 416 4449 hoc
444 4403 500 4454 loco
522 4421 570 4470 pro
591 4403 711 4476 σιδηροῦς
731 4407 845 4472 ponitur.
882 4411 1045 4466 Athanasius
1061 4413 1243 4482 Christopulns

979 4508 997 4566 3
