3066 5102
806 405 951 494 „go-

327 601 395 658 pag.
410 583 450 642 to
474 585 519 641 ed.
541 581 664 641 Beller.
691 580 744 637 τοῦ
775 577 869 658 νόμου
898 578 1039 660 κειμένου
1071 581 1121 642 τδν
1144 582 1430 646 ἀποκτείναντα

328 688 632 753 ἀνταποίλανεῖν.
670 686 797 744 Diversa
819 694 863 744 est
886 687 1029 746 Herodoti
1052 691 1126 748 ratio
1150 691 1177 764 1,
1196 670 1245 751 9'0.
1282 695 1430 752 Recentio·

325 817 390 856 rum
411 799 478 856 usui
501 795 704 854 convenienter
728 791 837 852 Cornea
858 795 928 852 dicit
945 791 1064 855 Ἀτακτ.
1086 797 1145 869 ΙΠ,
1167 799 1227 859 107
1254 797 1347 879 νόμος
1364 797 1430 879 ipro,

327 900 413 964 ὁπότ’
446 901 558 982 ἐγίνετο
588 901 746 980 δάνεισμα,
778 898 814 959 vd
835 899 984 980 γράφεται
1009 899 1052 966 εἰς
1073 901 1106 962 τδ
1130 900 1277 984 δημόσιον
1299 904 1431 966 κατάστι-

324 1029 380 1093 χυν
402 1007 518 1090 τὸνομα
539 1010 593 1068 τοῦ
613 1004 802 1074 δανείζοντος
820 1004 870 1065 καὶ
891 1010 945 1067 τοῦ
965 1006 1181 1090 δανειζομένου
1195 1010 1331 1070 πολίτου.
1364 1013 1431 1070 Non

319 1118 395 1176 satis
425 1135 546 1193 graeco,
573 1116 624 1174 aed
650 1123 747 1172 tamen
774 1114 926 1189 perspicue
953 1116 1050 1176 Lucas
1076 1119 1119 1189 II,
1141 1119 1180 1178 23
1211 1115 1377 1198 γέγραπται
1398 1115 1426 1176 ὲν

324 1221 409 1305 νόμῳ
428 1221 544 1303 κυρίου,
565 1219 610 1281 δτι
628 1221 687 1280 πᾶν
706 1251 789 1264 ·—
807 1217 1004 1300 κληθήσεται.
1048 1224 1132 1282 Ηοεο
1152 1224 1241 1300 igitur
1258 1228 1347 1283 verba
1366 1223 1430 1280 imi-

322 1340 435 1389 taturus
468 1339 497 1388 et
533 1329 628 1404 quoad
664 1307 730 1403 ejus
753 1328 816 1386 fieri
840 1336 940 1402 posset
968 1338 1145 1402 servaturus,
1175 1333 1252 1405 quod
1274 1351 1326 1407 per
1345 1331 1430 1388 metri

322 1439 402 1513 leges
422 1457 480 1523 non
502 1437 616 1507 licebat,
634 1454 691 1495 non
712 1436 784 1492 bene
802 1435 915 1494 loeutus
937 1445 981 1494 est
1002 1435 1190 1513 sophronius.

405 1542 490 1618 Quod
512 1543 663 1618 adipsum
683 1543 759 1600 odae·
777 1552 980 1617 argumentum
1002 1546 1113 1617 attinet,
1134 1564 1193 1604 non
1212 1547 1430 1616 laborantium

323 1650 458 1726 Symeon,
488 1650 570 1725 cujus
593 1649 640 1707 hio
659 1649 766 1707 mentio
784 1651 826 1722 fit,
845 1652 980 1710 sacerdos
1000 1652 1097 1724 fuerit,
1123 1661 1156 1710 ut
1171 1654 1320 1712 Methodio
1342 1655 1429 1712 Pata-

319 1778 400 1830 rano,
417 1755 532 1837 Cyrillo
553 1757 818 1832 Hierosolymitano
839 1756 921 1817 Orat.
942 1761 979 1818 da
999 1759 1129 1819 Occursu
1146 1761 1274 1833 Domini,
1297 1759 1430 1818 Athana-

320 1867 363 1924 sio
380 1865 431 1923 lib.
461 1866 497 1922 de
524 1864 661 1922 Essentia
688 1865 832 1922 communi
859 1867 958 1926 Patris
985 1877 1013 1925 et
1038 1868 1108 1923 Filii
1128 1876 1157 1920 et
1179 1865 1305 1938 Spiritus
1327 1866 1429 1936 sancti,

256 1965 260 1972 ’
318 1971 484 2048 Epiphanio
505 1971 541 2028 de
562 1971 700 2030 Patribus
722 1972 828 2031 veteris
856 1972 1029 2041 testamenti,
1052 1968 1143 2028 Leoni
1160 1967 1330 2042 Imperatori
1352 1969 1427 2026 Ora·

318 2080 396 2150 tione
427 2080 462 2136 de
486 2078 691 2137 Purificatione
718 2079 754 2138 B.
780 2079 893 2137 Mariae
920 2073 1249 2150 Virginis,·Sophronio
1278 2074 1364 2131 etiam
1392 2074 1423 2130 in

317 2187 456 2244 Enco'mio
478 2187 624 2245 Johennis
642 2187 793 2265 Baptistae
808 2204 841 2243 ac
855 2180 1054 2242 Praecursoris
1072 2177 1178 2251 visum,
1197 2198 1233 2237 an
1250 2199 1307 2238 non
1327 2181 1425 2249 firerit,

317 2302 350 2353 ut
366 2294 463 2352 Lucae
490 2293 532 2366 II,
555 2296 605 2366 25,
640 2295 807 2370 Euthymio,
832 2285 1065 2361 Theophylacto,
1090 2283 1156 2343 aliis
1181 2286 1304 2360 placuit,
1333 2306 1424 2360 quum

316 2403 515 2477 theologorum
542 2403 580 2461 sit
608 2403 644 2459 de
671 2395 833 2472 hujusmodi
853 2394 940 2450 rebus
959 2390 1122 2465 disputare:
1147 2390 1177 2448 id
1201 2401 1314 2451 tantum
1334 2412 1424 2468 appa-

315 2528 380 2566 rere
399 2509 532 2583 arbitror,
560 2510 644 2568 odam
675 2503 859 2578 compositam
884 2517 949 2557 esse
971 2497 1000 2556 in
1015 2493 1164 2577 Ὑπαντὴν
1187 2498 1249 2559 sive
1271 2495 1422 2558 Ὑπατταν-

316 2613 378 2694 τήν.
402 2617 437 2675 cf.
457 2620 592 2693 Ducang.
617 2635 646 2688 p.
668 2611 757 2670 1633.
801 2605 912 2666 Similis
937 2605 1015 2664 enim
1044 2606 1208 2680 argumenti
1236 2606 1422 2681 poematium,

316 2724 393 2797 quod
418 2724 584 2792 inscribitur
612 2716 654 2780 εἰς
673 2713 724 2793 τἠν
754 2710 940 2793 ὑπαπαντήν,
967 2715 1002 2771 de
1026 2709 1108 2793 cujus
1130 2721 1222 2772 metro
1240 2713 1306 2771 vide
1326 2714 1423 2772 Atha-

314 2832 427 2890 nasium
450 2825 667 2901 Christopulum
685 2821 763 2895 apud
784 2820 928 2879 Davidem
952 2816 1088 2900 Παραλλ.
1107 2839 1136 2895 p.
1149 2819 1207 2878 135
1229 2829 1257 2875 et
1275 2818 1422 2876 Darvarin

314 2935 435 3019 Γραμμ.
459 2934 529 2996 ἁπλ.
550 2952 578 3007 p.
599 2919 672 3000 385,
690 2927 798 3004 legitur
815 2929 845 2984 in
866 2928 1049 3003 Hirmologio
1071 2925 1205 2986 Venetiis
1232 2927 1311 2986 1682
1334 2924 1421 2982 edito.
1518 3015 1519 3028 η

313 3047 348 3104 Id
367 3065 425 3122 quo
442 3042 553 3101 facilius
581 3054 647 3094 cum
674 3034 875 3111 Sophroniano
891 3035 1018 3094 carmine
1038 3033 1161 3092 conferri
1182 3041 1282 3108 posset
1302 3031 1350 3089 hic
1369 3050 1420 3105 po·
1518 3031 1519 3034 ’

313 3171 381 3210 nere
401 3150 472 3208 mihi
491 3143 648 3204 collibitum
668 3152 726 3202 eat:

710 3335 763 3404 Εἰς
785 3338 836 3418 τἢν
862 3337 1047 3418 ὑπαπαντήν.
1088 3325 1093 3334 ’

390 3445 706 3528 Ἀκατοίλητττὸνέστι
727 3446 760 3506 τδ
784 3443 967 3526 τελούμενον
992 3442 1023 3504 ἐν
1046 3442 1094 3502 σοὶ

395 3555 445 3616 καὶ
468 3553 607 3636 ἀγγέλοις
628 3555 679 3616 καὶ
701 3554 830 3637 βροτοῖς,
853 3547 1084 3632 μητροπάρδενε
1109 3548 1193 3629 ἁγνή.

389 3659 600 3742 Ἀγκαλίζεται
617 3661 721 3744 χερσὶν
745 3660 761 3720 δ
783 3657 954 3741 πρεσβύτης
973 3653 1101 3736 Συμεὼν

393 3770 443 3830 τὸν
467 3772 520 3830 τοῦ
539 3767 634 3849 νόμου
656 3768 783 3849 ποιητὴν
808 3764 858 3825 καὶ
884 3760 1032 3843 δεσπότην
1054 3765 1107 3822 τοῦ
1127 3759 1247 3826 παντός.

359 3885 375 3935 5
394 3872 567 3958 Βουληδεὶς
586 3877 602 3936 ὁ
625 3874 834 3955 πλαστουργδς
855 3869 904 3931 ίνα
929 3871 1015 3952 σώση
1034 3869 1084 3932 τὸν
1104 3865 1206 3948 Ἀδὰμ

395 3983 511 4064 μήτραν
534 3979 637 4065 η’ίκησε
657 3981 710 4061 τὴν
735 3979 789 4058 σὴν
810 3981 863 4058 τῆς
880 3974 1035 4058 παρθένου
1056 3979 1109 4054 τῆς
1131 3974 1230 4055 ἁγνῆς.

392 4086 486 4155 Γένυς
508 4087 587 4150 ἅπαν
609 4090 667 4148 τῶν
692 4087 808 4169 βροτῶν
834 4082 992 4166 μακαρίζει
1012 4103 1046 4142 σε
1065 4080 1152 4161 ἁγνή,

392 4195 443 4256 καὶ
465 4193 585 4264 δοξάζει
606 4215 640 4254 σε
662 4194 784 4265 πιστῶς,
804 4193 846 4256 ὡς
867 4189 983 4272 μητέρα
1002 4191 1057 4250 τοῦ
1077 4185 1164 4247 θεοῦ.

392 4301 487 4364 Δεῦτε
507 4299 585 4362 ίδετε
605 4296 747 4381 Χριστόν,
770 4299 821 4360 τὸν
846 4295 993 4374 δεσπότην
1017 4295 1070 4354 τοῦ
1091 4289 1212 4362 παντός,
