3066 5102
855 316 895 374 42

402 482 545 567 Θωρούσι
569 485 678 568 σκύνης
698 487 830 570 νέφαλο’
849 489 874 556 ’ς
895 489 932 550 τὰ
956 491 1016 574 ύψη
1042 496 1214 578 σηκωμένσ’

400 592 451 652 καὶ
469 594 665 676 καβαλλάρην
692 595 730 677 μὲ
748 596 883 665 πολλοὺς
905 597 1018 667 ἄλλους
1041 605 1325 687 συντρσφιασμένσ.’

402 697 512 783 Μαῦρσ
538 701 622 784 φαρί,
646 703 737 785 μαῦρ’
762 703 884 786 ἅρματα
906 706 957 768 καὶ
981 712 1079 791 μαύρσ
1099 712 1132 772 τὸ
1156 714 1288 795 κονταὶρι,

401 808 612 916 μαύρηυῆτονε
635 809 700 893 α’ἡ
726 811 859 920 φορεσια]
878 813 985 876 τούτου
1009 819 1063 876 τού
1085 819 1277 902 καβαλλάρη.

315 970 374 1027 Hic
402 990 439 1028 ne
465 969 591 1029 offendat
622 970 744 1046 vulgare
764 972 963 1048 imperfectum
987 970 1100 1034 ἐκτύπα
1121 996 1175 1053 pro
1199 975 1318 1039 ἐκτύπει
1340 1003 1425 1059 prae-

315 1079 433 1136 cedente
454 1077 504 1137 καὶ
528 1075 596 1156 (κ’),
623 1079 658 1134 de
684 1079 739 1136 hae
762 1080 904 1155 particula
932 1082 1049 1140 consule
1076 1082 1199 1143 Coraem
1226 1082 1359 1149 'Asaxs'.
1391 1093 1426 1149 11

314 1209 344 1265 p.
369 1189 427 1248 163
448 1195 477 1245 et
495 1186 562 1244 adn.
581 1183 620 1243 ad
639 1204 683 1244 vs.
706 1183 774 1244 102.

399 1306 439 1363 V.
452 1305 481 1364 1.
523 1299 695 1384 τρώθηκεν]
717 1299 849 1382 ἐτρώθη.
886 1304 933 1364 De
954 1307 1009 1366 hac
1032 1310 1115 1367 verbi
1137 1311 1308 1390 τιτρώσκειν
1334 1315 1428 1389 signi-

314 1413 447 1472 ficatione
471 1412 539 1470 vide
566 1412 636 1468 Alb.
666 1410 807 1469 Jahnium
830 1413 868 1468 ad
888 1413 957 1472 Joh.
980 1413 1091 1492 Glycae
1112 1437 1185 1493 opus
1206 1419 1242 1474 de
1264 1439 1335 1478 vera
1355 1417 1427 1500 syn-

314 1531 415 1580 taxeos
438 1520 550 1578 ratione
570 1518 708 1593 Prolegg.
729 1537 758 1593 p.
780 1519 893 1578 XXIV
904 1539 984 1597 seqq.
1006 1524 1210 1600 disputantem.

396 1638 435 1696 V.
460 1639 489 1696 5.
530 1633 810 1716 κρυσταλλοχρσία]
840 1635 888 1696 Sic
909 1640 979 1715 poni
999 1650 1149 1700 accentum
1169 1647 1254 1703 metri
1276 1649 1352 1707 ratio
1371 1670 1424 1725 po·
1518 1693 1519 1734 t

313 1747 403 1804 stulat
422 1743 502 1822 (vids
522 1762 575 1818 αρε
605 1743 644 1801 ad
665 1743 750 1803 Dem.
777 1745 847 1803 Zen.
868 1747 1011 1824 Paraphr.
1029 1749 1095 1808 Bai.
1114 1772 1142 1809 v.
1162 1753 1231 1828 45);
1263 1753 1335 1814 cod.
1356 1777 1417 1837 κρυ·
1518 1739 1519 1742 ¹

315 1849 531 1934 αταλλύχροια,
552 1860 585 1910 ut
606 1853 696 1927 vulgo
715 1849 910 1932 λευκόχροια.

398 1971 437 2029 V.
459 1971 489 2030 6.
533 1963 734 2048 ὡραιωμένη]
757 1965 867 2047 ὡραία,
889 1968 967 2049 καλή
989 1972 1120 2046 pulchra.
1145 1943 1149 1951 .

397 2090 436 2150 V.
448 2087 541 2147 6-7.
570 2079 705 2164 ἡλικιὰν]
725 2084 811 2142 metri
830 2103 919 2146 eausa
940 2087 985 2146 bis
1006 2089 1109 2168 scripsi
1131 2110 1185 2166 pro
1203 2091 1321 2170 ἡλικίαν
1344 2061 1424 2169 quiid

311 2197 400 2256 habet
416 2192 490 2254 (lod.
653 2167 698 2186 υ

396 2314 435 2371 V.
459 2313 507 2372 12.
548 2305 696 2390 πρέσβυν]
717 2309 794 2370 edidi
812 2328 867 2386 pro
890 2329 924 2370 eo
948 2314 1026 2387 quod
1048 2315 1079 2372 in
1101 2317 1197 2374 codice
1218 2327 1263 2376 est
1285 2314 1422 2402 πρέσβιν.

395 2432 436 2490 V.
462 2429 511 2488 14.
551 2421 736 2528 παρρησιύιν]
756 2426 924 2498 emendam
945 2427 1017 2508 de.
1037 2431 1218 2512 παρρησίαν.

394 2538 434 2598 V.
460 2535 508 2595 16.
550 2529 601 2592 διὰ
627 2531 664 2592 ναί
680 2531 733 2616 ’χρ
762 2531 903 2615 τοιαύτην
931 2537 1035 2618 χάριν]
1051 2542 1219 2614 emendavi3
1244 2541 1316 2602 Cod.
1340 2541 1422 2606 αὐλὰ

311 2643 450 2724 τοιαύτην
472 2613 602 2724 χάρινυ
790 2617 838 2638 υ

396 2753 435 2811 V.
458 2751 508 2810 17.
549 2748 709 2830 κλαίγσυν]
729 2751 897 2823 emendavi3
915 2751 986 2812 cod.
1005 2749 1143 2833 κλέγσιιν.

396 2860 436 2918 V.
461 2859 511 2918 20.
554 2855 679 2939 ἀπάρτι]
699 2854 774 2940 ἄρτι.
801 2892 836 2904 -
874 2859 914 2917 V.
934 2861 985 2922 23.
1022 2858 1059 2920 νὰ
1080 2861 1155 2940 πᾶν]
1176 2861 1213 2922 νὰ
1235 2863 1356 2940 πάγαιιν,
1379 2859 1415 2918 νὰ

311 2969 459 3048 ύπάρωσι.
483 2999 524 3012 --
546 2967 585 3024 V.
607 2967 658 3025 24.
678 2964 828 3047 ἀντάρας]
851 2964 982 3048 ἀντάμα.
1009 2969 1079 3028 Vid.
1099 2970 1137 3028 sd
1158 2971 1244 3030 Dem.
1261 2969 1331 3030 zen.
1350 2985 1418 3043 pag.

311 3081 362 3140 85.
383 3109 425 3122 -··
446 3073 567 3152 troissv]
589 3071 742 3154 ἐποίησεν.
786 3076 856 3134 Vid.
880 3077 918 3135 ad
946 3077 1031 3136 Dsm.
1060 3075 1131 3134 an.
1149 3079 1293 3152 Parsphr.
1315 3097 1344 3136 v.
1365 3075 1420 3145 20;

311 3187 384 3248 cod.
407 3183 564 3264 ἐποίησαν.
614 3184 680 3261 Ego
707 3184 887 3262 singularem
912 3201 1064 3242 numerum
1094 3183 1212 3255 reposui
1238 3185 1360 3240 verbum
1381 3185 1421 3242 ad

309 3315 431 3354 uxorem
447 3292 592 3369 pertinere
611 3301 702 3366 ratus,
722 3313 797 3368 quas
818 3310 878 3349 una
898 3310 964 3350 cum
982 3289 1086 3350 marito
1105 3295 1133 3344 et
1151 3285 1217 3344 aliis
1240 3304 1352 3348 saetam
1368 3309 1420 3365 ps·
1518 3337 1519 3380 ρ

309 3402 535 3478 regrinstionem
557 3402 691 3478 suscepit.
713 3433 754 3444 -
796 3394 861 3478 μετ’
888 3393 996 3471 αὐτοῦ]
1025 3393 1129 3468 scripsi
1155 3403 1275 3470 propter
1293 3415 1419 3471 sequens

310 3507 360 3569 καὶ
385 3503 497 3588 ἑτέρων
525 3511 579 3569 etsi
600 3529 659 3567 non
681 3507 783 3580 ignoro
811 3505 877 3562 aliis
904 3502 974 3560 locis
1002 3496 1078 3580 μετὰ
1104 3503 1269 3562 accusativo
1282 3503 1418 3578 junctum

311 3617 411 3674 eadem
431 3616 463 3674 vi
481 3636 500 3675 α
520 3625 606 3693 poeta
625 3611 769 3688 usurpari.
804 3609 849 3670 Cf.
862 3629 906 3669 vs.
919 3609 1087 3668 288-290
1109 3619 1138 3668 et
1159 3610 1256 3668 adnot.
1275 3611 1313 3668 ad
1332 3612 1418 3671 Dem.

311 3723 543 3800 Zon.Paraph1-.
572 3741 616 3779 vs.
637 3721 684 3778 16.
726 3716 843 3776 codex:
864 3715 929 3798 μετ’
955 3715 1045 3778 αὐτὸν
1068 3716 1118 3779 καὶ
1144 3713 1268 3800 ἑτέρων.

394 3831 433 3890 V.
454 3830 503 3889 26.
547 3823 736 3904 ἐπαίντημαν]
755 3822 927 3906 ἀπάντημα.
967 3827 1036 3886 Vid.
1057 3825 1161 3887 Corsis
1181 3821 1333 3885 Ἀτακτ.Ι
1352 3826 1416 3886 σελ.

311 3939 362 3998 65.
392 3971 432 3981 -
478 3933 619 3994 ἐναίντιων
654 3934 739 3992 metri
772 3933 867 4010 gratia
900 3954 953 4012 pro
989 3931 1131 3996 ἐναντίων
1163 3929 1279 4007 scripsi3
1315 3929 1418 3990 Codex

312 4043 455 4105 ἐνάντιον.

395 4149 434 4206 V.
458 4147 507 4206 27.
550 4146 791 4228 συνεπήντρσαν]
821 4149 1061 4231 συναπήντησαν.
1089 4181 1130 4192 --
1173 4143 1239 4225 γιὰ]
1269 4145 1372 4221 scripsi
1402 4167 1419 4204 e

313 4255 398 4329 conj.;
421 4256 511 4332 vulgo
530 4253 587 4338 γὰρ
609 4257 694 4318 male.
708 4292 749 4304 -
770 4256 809 4315 V.
822 4257 872 4316 29.
890 4250 1128 4335 μαγαρισμένος]
1153 4249 1419 4336 μεραγαρισρένος
